1998 3340
1008 365 1218 406 -56-

848 541 864 582 ἓ
883 540 934 573 13.
953 557 993 563 -
1007 539 1057 572 De
1072 539 1187 571 tabula
1201 540 1373 580 argentea.

464 657 623 701 Tabula
647 670 747 700 vero
775 669 870 714 quae
896 661 960 698 est
986 660 1082 697 ante
1109 653 1257 706 altare,
1284 651 1519 696 honorifice
1546 665 1651 695 auro
1680 656 1721 694 et
1755 663 1821 693 ar-

407 740 532 791 gento
565 738 782 790 operatur.
827 729 1042 787 Sculpitur
1077 728 1190 772 enim
1230 727 1274 771 in
1319 727 1458 771 medio
1501 726 1593 770 eius
1635 726 1844 774 thronus,

408 807 591 861 Domini,
622 808 664 850 in
691 820 775 864 quo
804 811 903 849 sunt
939 803 1086 861 viginti
1113 810 1298 861 quatuor
1324 803 1515 847 seniores
1557 815 1606 845 eo
1651 801 1816 853 ordine,

409 899 491 942 quo
530 884 678 926 beatus
719 881 917 934 Joannes,
956 880 1087 923 frater
1130 879 1263 921 sancti
1303 877 1449 922 Jacobi
1489 877 1534 920 in
1573 875 1821 935 Apocalypsi

409 974 485 1003 sua
513 972 584 1002 eos
611 957 728 1010 vidit,
758 955 983 1000 duodecim
1017 954 1176 998 scilicet
1215 954 1266 997 ad
1309 954 1522 997 dexteram
1563 951 1825 1009 totidemque

410 1036 458 1077 acl
487 1034 634 1077 laevam
676 1045 752 1089 per
790 1030 1036 1082 circuitum,
1065 1029 1252 1072 citharas
1280 1035 1320 1072 et
1346 1027 1508 1085 phialas
1535 1041 1707 1080 aureas,
1736 1026 1825 1083 ple-

413 1125 485 1154 nas
513 1107 815 1161 odoramentis,
846 1106 1045 1150 manibus
1085 1111 1292 1148 tenentes.
1324 1104 1371 1147 ln
1398 1102 1538 1146 medio
1564 1102 1686 1146 cuius
1718 1101 1826 1146 resi-

413 1187 481 1228 ‹let
507 1184 728 1235 Dominus,
758 1181 880 1240 quasi
907 1182 950 1224 in
986 1181 1085 1224 sede
1117 1179 1365 1232 maiestatis,
1403 1192 1533 1221 manu
1573 1177 1743 1221 sinistra
1779 1178 1828 1220 li-

413 1262 538 1304 brum
566 1259 658 1302 vitae
685 1265 848 1309 tenens,
895 1264 935 1300 et
962 1258 1133 1300 dextera
1159 1253 1504 1298 benedictionem
1540 1253 1740 1297 innuens.
1783 1253 1830 1296 In

413 1335 595 1379 circuitu
621 1347 720 1377 vero
748 1334 891 1376 throni
928 1332 1019 1376 eius
1053 1338 1239 1389 quatuor
1277 1329 1553 1386 Evangelistae
1595 1328 1828 1381 habentur,

415 1410 536 1470 quasi
577 1411 783 1453 thronum
826 1408 1099 1452 sustinentes.
1139 1406 1368 1450 Duodecim
1412 1418 1511 1448 vero
1554 1403 1742 1461 Apostoli
1779 1404 1831 1447 ad

417 1489 631 1530 dexteram
650 1486 741 1529 eius
766 1490 806 1528 et
824 1484 970 1528 laevam
992 1481 1175 1527 ordinati
1199 1487 1312 1534 sunt,
1335 1487 1420 1524 tres
1448 1480 1607 1524 scilicet
1623 1479 1667 1522 in
1693 1478 1833 1536 primo

419 1562 570 1606 ordine
597 1561 648 1604 ad
676 1561 908 1613 dexteram,
939 1565 980 1602 et
1005 1565 1092 1602 tres
1118 1557 1162 1600 in
1189 1556 1402 1614 superiori
1430 1554 1625 1599 similiter
1651 1561 1750 1598 sunt
1783 1555 1835 1597 ad

419 1639 582 1690 lfevam,
621 1643 708 1680 tres
734 1636 777 1678 in
803 1634 943 1692 primo
972 1633 1121 1692 ordine
1163 1631 1373 1684 interiori,
1419 1637 1460 1674 et
1499 1637 1587 1673 tres
1625 1629 1669 1672 in
1710 1642 1837 1686 supe-

419 1712 538 1757 riori.
569 1712 714 1756 Flores
741 1711 868 1754 etiarn
899 1709 957 1752 ibi
993 1708 1206 1752 habentur
1233 1706 1382 1764 optimi
1409 1719 1485 1763 per
1520 1704 1765 1757 circuitum,
1798 1710 1840 1748 et

421 1789 631 1832 columnae
670 1786 782 1830 inter
816 1785 1037 1843 Apostolos
1072 1782 1387 1840 pulcherrimae.
1431 1781 1501 1824 Est
1533 1770 1661 1824 etiam
1694 1780 1840 1823 tabula

423 1864 625 1922 operibus
665 1863 835 1914 decens,
879 1867 919 1904 et
961 1859 1123 1916 optima
1149 1858 1216 1901 his
1254 1857 1449 1901 versibus
1477 1857 1528 1900 de
1555 1869 1690 1913 super
1717 1868 1840 1899 cons-

425 1940 583 1998 scripta
605 1954 613 1982 :

613 2063 723 2098 Hanc
742 2062 916 2097 tabulam
934 2060 1114 2104 Didacns,
1136 2059 1289 2094 Proesul
1307 2058 1481 2093 Jacobita
1501 2058 1700 2100 secundus,

666 2122 845 2167 Tempore
865 2119 1098 2167 quinquenni
1116 2119 1204 2165 fecit
1223 2117 1429 2163 Episcopii.

615 2181 765 2216 Marcas
785 2179 937 2224 argenti
956 2179 1001 2212 cle
1023 2179 1198 2212 thesauro
1218 2175 1415 2210 Jacobensi

661 2240 734 2275 Hic
752 2239 954 2284 octoyinta,
977 2236 1141 2283 quinque
1159 2235 1300 2279 minus,
1322 2244 1498 2269 numera.

491 2398 627 2442 Etiam
653 2398 855 2441 deorsum
882 2395 948 2438 hae
971 2393 1123 2438 litterae
1147 2391 1361 2435 habentur
1381 2405 1390 2433 ε

620 2533 703 2568 Rex
719 2533 803 2566 erat
820 2530 1032 2576 Anfonsus;
1053 2539 1168 2573 yener
1190 2527 1268 2563 eius
1284 2527 1372 2562 Dum
1387 2525 1663 2572 Raymundus;

668 2591 816 2628 Praesul
830 2590 1018 2635 praefatus
1040 2587 1190 2634 quando
1207 2585 1358 2632 pereqit
1377 2596 1484 2631 opus.
