1998 3340
1045 391 1253 430 —14-

445 478 632 536 praefatis
657 479 796 523 nautis
829 486 868 523 et
904 478 1085 522 Arnaldo
1113 478 1163 521 de
1188 477 1341 521 Guinia
1375 490 1469 520 curn
1499 477 1615 520 omni
1650 478 1853 535 progenie

444 568 520 597 sua
547 562 722 598 ventura
749 562 874 611 atque
901 567 996 597 cum
1024 553 1187 596 caeteris
1224 552 1404 595 dominis
1432 566 1640 610 aquarum
1667 553 1850 610 praedic-

446 636 603 683 tarum,
633 629 705 687 qui
734 642 785 673 ex
811 629 967 672 eisdem
994 627 1134 670 nautis
1161 641 1359 670 nummos
1385 626 1539 683 navigii
1567 627 1722 670 iniuste
1749 627 1855 671 acci-

445 704 583 761 piunt,
638 718 734 747 cuin
785 703 1074 747 sacerdotibus
1125 702 1266 756 etiam,
1320 701 1392 759 qui
1448 701 1738 758 poenitentiam
1790 703 1853 745 vel

447 779 748 822 eucharistiam
785 778 966 821 scienter
993 778 1074 820 illis
1109 777 1319 828 tribuunt,
1351 777 1412 820 vel
1446 776 1635 820 officium
1663 777 1853 820 divinum

447 854 508 897 eis
549 854 723 905 faciunt,
768 854 830 896 vel
870 853 912 895 in
954 851 1131 896 ecclesia
1175 865 1246 894 eos
1285 852 1570 905 consentiunt,
1606 852 1740 895 donec
1783 866 1858 908 per

448 929 678 986 longaevam
707 942 756 972 ac
773 928 1021 985 patefactam
1041 926 1333 984 poenitentiam
1353 926 1604 984 resipiscant
1621 933 1662 969 et
1680 927 1856 970 modurn

447 1002 490 1046 in
519 1003 687 1046 tributis
722 1003 809 1046 suis
844 1008 1018 1059 ponant,
1054 1015 1141 1044 non
1169 1001 1305 1044 solum
1339 1000 1383 1043 in
1421 1000 1600 1044 Sedibus
1638 1001 1858 1058 episcopa-

446 1078 559 1121 libus
585 1085 711 1121 terrae
737 1077 924 1130 illorum,
958 1090 1103 1120 verum
1131 1075 1258 1119 etiam
1286 1075 1329 1118 in
1355 1075 1466 1119 beati
1492 1076 1637 1120 Jacobi
1663 1075 1854 1128 basilica,

447 1152 684 1210 peregrinis
711 1151 996 1199 audientibus,
1028 1151 1172 1195 sedule
1209 1150 1662 1204 excommunicentur;
1700 1158 1739 1194 et
1765 1151 1860 1208 qui-

447 1240 630 1284 cumque
658 1227 929 1283 praelatorum
960 1240 1006 1268 ex
1033 1226 1114 1269 hoc
1140 1226 1204 1269 vel
1229 1239 1388 1279 amore,
1418 1225 1481 1268 vel
1506 1225 1644 1279 lucro,
1674 1225 1734 1268 eis
1761 1238 1860 1282 par-

449 1315 544 1346 cere
570 1301 795 1354 voluerint,
826 1300 1104 1344 anathematis
1141 1300 1280 1357 gladio
1308 1300 1585 1358 percutiatur.
1630 1299 1858 1344 Sciendum

449 1376 548 1434 quia
583 1375 660 1433 ipsi
702 1375 904 1433 pertigeri
944 1390 967 1419 a
992 1376 1230 1432 peregrinis
1269 1375 1476 1418 tributum
1517 1374 1708 1431 accipere
1744 1375 1860 1417 nullo

450 1452 575 1494 modo
610 1451 794 1494 debent:
839 1458 879 1494 et
918 1457 1058 1494 nautae
1097 1450 1262 1507 praefati
1298 1451 1348 1494 de
1385 1450 1550 1493 duobus
1593 1449 1856 1503 hominibus,

450 1526 609 1570 scilicet
634 1527 685 1569 de
712 1525 911 1568 divitibus
937 1539 1014 1582 pro
1050 1525 1214 1582 navigio
1243 1525 1324 1569 nisi
1359 1538 1493 1568 unum
1522 1524 1713 1578 obolum,
1744 1531 1784 1567 et
1809 1525 1860 1567 de

449 1613 559 1658 equo
603 1601 739 1644 solurn
773 1614 998 1644 nummum
1038 1601 1232 1657 accipere
1271 1600 1351 1643 rite
1378 1600 1546 1653 debent,
1589 1600 1638 1642 de
1672 1613 1860 1656 paupere

450 1689 549 1719 vero
575 1675 713 1729 nihil3
757 1683 797 1719 et
823 1689 997 1732 magnas
1026 1675 1152 1718 etiam
1179 1688 1321 1728 naves,
1353 1675 1396 1717 in
1422 1674 1578 1732 quibus
1601 1673 1793 1730 jumenta
1820 1681 1860 1717 et

451 1751 648 1794 homines
682 1751 854 1807 largiter
881 1757 1038 1807 queant
1073 1750 1249 1804 intrare,
1278 1750 1438 1793 habere
1465 1749 1635 1793 debent.
1672 1749 1720 1792 In
1746 1756 1860 1793 terra

451 1826 578 1868 etiam
620 1825 885 1877 Basclorum,
928 1826 993 1867 via
1029 1825 1161 1868 sancti
1198 1825 1342 1868 Jacobi
1380 1832 1442 1868 est
1482 1823 1860 1868 excellentissimus

451 1913 588 1954 mons,
636 1901 748 1956 quod
788 1899 943 1943 dicitur
986 1900 1134 1943 Portus
1175 1899 1328 1943 Ciserae
1375 1899 1453 1956 (¹1),
1498 1906 1571 1942 aut
1603 1899 1703 1956 quia
1737 1905 1860 1956 porta

452 1973 668 2031 Hispaniae
710 1974 768 2017 ibi
810 1975 1007 2027 habetur,
1048 1982 1118 2017 aut
1157 1974 1256 2031 quia
1293 1988 1368 2031 per
1405 1974 1525 2017 illurn
1567 1979 1754 2017 montem
1791 1987 1860 2016 res

451 2049 702 2093 necessariae
742 2051 793 2092 de
827 2050 908 2092 alia
949 2057 1063 2092 terra
1091 2050 1141 2092 ad
1176 2049 1301 2092 aliam
1338 2054 1695 2106 transportantur,
1737 2048 1860 2091 cuius

451 2137 652 2167 ascensus
702 2131 794 2168 octo
844 2124 1071 2177 milliariis,
1125 2132 1164 2168 et
1223 2125 1451 2168 descensus
1503 2122 1696 2166 similiter
1745 2129 1856 2175 octe,

452 2199 647 2242 habetur.
678 2198 921 2242 Sublimitas
959 2213 1144 2256 namqpe
1170 2199 1261 2243 eius
1289 2205 1402 2241 tanta
1429 2204 1505 2251 est,
1546 2198 1657 2255 qued
1683 2197 1771 2241 visa
1797 2204 1861 2241 est

452 2287 588 2330 usque
614 2274 665 2316 ad
693 2274 847 2317 coelum
876 2281 1065 2330 tangere,
1096 2275 1217 2318 cuius
1244 2273 1484 2317 adscensori
1511 2272 1646 2316 visum
1672 2280 1734 2316 est
1759 2286 1860 2330 pro-

453 2349 547 2406 pria
597 2362 727 2392 manu
771 2350 924 2392 coelum
970 2363 1093 2406 posse
1135 2348 1364 2407 palpitarit
1417 2349 1468 2392 de
1522 2348 1643 2391 cuius
1693 2348 1861 2405 fastigio

453 2431 588 2480 potest
629 2423 758 2467 videri
803 2437 921 2466 mare
962 2424 1251 2467 Britannicum
1298 2430 1337 2466 et
1382 2423 1656 2476 occidentale,
1702 2430 1742 2466 et
1787 2436 1862 2466 ora

454 2498 580 2542 etiam
620 2498 753 2542 trium
794 2498 1036 2556 regionum,
1085 2498 1242 2543 scilicet
1292 2498 1478 2542 Castellae
1519 2505 1560 2541 et
1599 2497 1780 2555 Aragoni
1822 2505 1863 2541 et

500 2682 550 2729 (1)
569 2682 707 2717 Portus
727 2680 862 2716 Ciserae
882 2694 895 2715 (ι
930 2682 962 2716 le
983 2685 1064 2728 port
1085 2680 1128 2716 de
1152 2681 1231 2716 Cize
1252 2694 1284 2725 »‚
1309 2680 1689 2717 vraisemblablement
1717 2680 1864 2717 Ibafieta

455 2752 503 2777 ou
522 2740 738 2776 Altabiscar.
