1998 3340
998 364 1204 404 -28-

395 452 481 510 pite
514 450 675 496 conliso
701 463 941 509 excusoque
968 451 1143 495 cerebro
1169 457 1210 496 et
1236 453 1353 495 omni
1381 464 1561 508 corpore
1588 450 1810 499 dilaniato.

395 529 566 585 dignam
584 526 748 571 Christo
767 526 953 570 animam
970 526 1170 570 reddidit.
1199 526 1277 570 Hic
1297 526 1416 584 juxta
1440 526 1592 570 urbem
1610 526 1811 570 Tolosam

397 603 557 662 optimo
581 603 673 647 loco
693 602 925 661 sepelitur;
954 601 1029 645 ubi
1056 601 1206 659 ingens
1234 601 1411 646 Basilica
1438 601 1516 645 sub
1536 601 1628 645 eius
1648 602 1812 645 bonore

397 693 421 724 a
459 678 658 723 fidelibus
685 677 935 732 fabricatur,
974 684 1014 721 et
1040 676 1304 722 Canonicalis
1331 677 1477 732 regula
1503 677 1615 720 beati
1654 676 1815 721 scilicet

397 754 619 812 Augustini
647 753 929 807 observatur;
971 760 1012 797 et
1052 752 1187 796 multa
1222 752 1428 797 beneficia
1472 752 1746 810 poscentibus
1792 752 1816 795 a

399 829 577 874 Domino
605 835 880 887 praestantur.
910 828 1038 874 Cuius
1066 818 1325 873 solemnitas*
1346 828 1472 873 tertio
1515 828 1717 872 kalendas
1743 828 1816 871 de-

398 906 583 952 cembris
618 905 874 950 celebratur.

456 983 561 1026 Item
588 996 612 1026 a
638 980 1017 1038 Burgundionibus
1046 986 1087 1024 et
1102 980 1394 1036 Theutonicis,
1420 995 1497 1039 per
1514 981 1625 1026 viam
1643 980 1820 1026 Podien-

398 1071 487 1102 sem
515 1057 566 1101 ad
604 1063 799 1101 sanctum
833 1056 1040 1101 Jacobum
1067 1055 1360 1113 pergentibus,
1405 1070 1561 1114 corpus
1604 1056 1820 1101 sanctissi-

400 1146 519 1177 mum
563 1138 625 1176 est
668 1131 926 1176 visitandum
960 1132 1096 1176 beatae
1137 1131 1268 1185 Fidis,
1312 1131 1495 1188 Virginis
1534 1138 1574 1175 et
1608 1132 1817 1191 Martyris.

400 1208 528 1267 Cujus
555 1207 740 1251 animam
763 1206 1092 1260 sanctissimam,
1123 1220 1302 1265 corpore
1329 1220 1353 1250 a
1379 1206 1651 1251 carnificibus
1678 1208 1821 1251 decol-

400 1285 483 1327 lato
511 1297 641 1341 super
667 1290 856 1326 montem
886 1282 1046 1326 scilicet
1072 1282 1194 1326 urhis
1220 1282 1401 1339 Agenni,
1422 1283 1683 1340 Angelorum
1701 1283 1822 1326 chori

402 1359 535 1403 instar
555 1358 763 1403 columbae
791 1357 836 1401 in
860 1358 1106 1402 coelestibus
1134 1358 1393 1412 detulerunt,
1424 1365 1465 1401 et
1490 1357 1822 1402 immortalitatis

401 1435 546 1478 laurea
593 1447 687 1477 eam
723 1439 998 1477 ornaverunt.
1036 1432 1155 1484 Quod
1194 1439 1242 1477 ut
1267 1433 1368 1477 vidit
1400 1433 1549 1477 beatus
1575 1433 1817 1491 Caprasius,

403 1510 585 1554 Antistes
619 1508 740 1553 urbis
774 1508 954 1566 Agenni,
990 1508 1064 1567 qui
1104 1508 1270 1553 rabiem
1306 1508 1617 1566 persecutionis
1662 1509 1823 1554 evitans

405 1585 560 1629 latebat
586 1584 630 1627 in
658 1584 841 1641 quadam
870 1585 1087 1641 spelunca,
1116 1584 1328 1628 animatus
1356 1584 1407 1627 ad
1435 1583 1706 1628 tolerantiam
1724 1599 1824 1642 pas·

405 1660 554 1714 sionis,
586 1660 637 1703 ad
674 1659 834 1713 locum,
863 1673 948 1717 quo
976 1660 1100 1704 beata
1129 1659 1256 1717 Virgo
1300 1667 1536 1718 pateretur,
1582 1659 1828 1718 properavit

406 1744 447 1780 et
473 1735 666 1794 martyrii
695 1735 884 1793 palmam
909 1735 1077 1779 fortiter
1112 1736 1349 1793 promeruit
1395 1735 1651 1790 dimicando,
1681 1749 1825 1779 moras

406 1811 534 1855 etiam
577 1810 932 1868 persequentium
975 1811 1211 1868 arguendo.
1270 1811 1452 1854 Demum
1501 1811 1635 1855 beatae
1689 1810 1822 1864 Fidis,

409 1885 593 1944 Virginis
622 1891 661 1929 et
687 1885 897 1944 MartyriS,
928 1899 1086 1944 corpus
1112 1885 1472 1944 pretiosissimum
1498 1886 1542 1929 in
1570 1886 1675 1930 valle
1713 1899 1827 1944 quae

407 1962 532 2019 vulgo
572 1961 730 2005 dicitur
773 1961 983 2019 Conquas,
1013 1962 1248 2005 honorifice
1276 1963 1299 2005 a
1326 1961 1575 2006 Christianis
1602 1961 1824 2019 sepelitur,

409 2050 542 2095 super
583 2037 697 2094 quod
739 2036 915 2081 basilica
957 2037 1117 2094 optima
1152 2051 1175 2080 a
1212 2037 1456 2081 christianis
1500 2036 1748 2089 fabricatur,
1786 2036 1830 2079 in

410 2127 494 2169 qua
520 2113 572 2156 ad
598 2112 767 2156 Domini
796 2113 925 2157 decus
952 2126 1090 2170 usque
1136 2112 1264 2157 hodie
1291 2113 1401 2157 beati
1442 2112 1656 2157 Benedicti
1683 2113 1832 2170 regula

412 2201 684 2245 summopere
711 2188 965 2232 custoditur.
1006 2188 1296 2233 Incolumibus
1323 2195 1363 2233 et
1403 2188 1584 2232 infirmis
1625 2187 1833 2232 beneficia

411 2264 544 2307 multa
580 2263 855 2321 largiuntur;
903 2270 998 2308 ante
1039 2265 1161 2309 cuius
1201 2265 1313 2308 fores
1354 2264 1542 2323 optimus
1568 2264 1678 2317 fons,
1722 2264 1836 2307 ultra

412 2353 542 2397 quam
585 2338 666 2382 dici
707 2339 768 2383 fas
795 2348 872 2393 est,
903 2340 1112 2384 mirabilis
1138 2341 1336 2384 habetur.
1367 2340 1496 2385 Cuius
1522 2339 1724 2384 festivitas
1769 2352 1835 2383 se-

413 2415 553 2459 cundo
584 2427 718 2458 nonas
745 2415 931 2459 octobris
958 2416 1126 2460 colitur.

473 2489 632 2534 Deinde
661 2489 706 2533 in
741 2490 806 2534 via
833 2505 928 2549 quae
954 2492 1004 2535 ad
1046 2498 1238 2536 sanctum
1272 2491 1494 2544 Jacobum,
1524 2504 1601 2549 per
1636 2496 1832 2534 sanctum

416 2566 701 2620 Leonardum,
750 2566 902 2620 tendit,
942 2567 1140 2625 primitus
1181 2568 1314 2612 beatae
1349 2566 1506 2610 Mariae
1544 2564 1830 2623 magdalenae,

416 2655 574 2699 corpus
601 2640 901 2699 dignissimum
937 2642 1051 2700 juste
1078 2645 1102 2687 ἐι
1138 2642 1515 2702 peregrinantibus
1542 2641 1833 2686 venerandum

419 2723 496 2760 est.
528 2716 626 2762 Haec
651 2716 765 2761 enim
792 2724 855 2762 est
881 2717 952 2762 illa
995 2718 1126 2763 Maria
1167 2717 1366 2777 gloriosa,
1395 2732 1507 2776 quae,
1537 2717 1582 2760 in
1607 2717 1733 2761 domo
1772 2715 1836 2760 Si-
