1998 3340
813 357 1019 396 -53—

204 439 254 487 'et
270 443 490 497 deorsum,
511 443 562 486 ad
580 443 794 487 dexteram
816 442 974 487 scilicet
994 450 1036 488 et
1056 444 1219 497 laevam,
1241 444 1398 502 optime
1416 446 1620 504 sculptus,

213 517 390 562 floribus
420 517 631 571 videlicet,
660 517 908 562 hominibus
934 518 1106 573 sanctis,
1135 518 1298 574 bestiis,
1334 519 1496 574 avibus,
1534 521 1622 579 pis-

214 593 351 648 cibus,
394 592 645 651 caeterisque
689 592 907 650 operibus,
958 607 1052 652 quae
1097 608 1121 638 a
1161 594 1284 638 nobis
1319 596 1623 653 comprehendi

216 669 462 713 narratione
501 674 734 726 nequeunt.
766 668 845 713 Sed
882 675 1065 727 quatuor
1091 669 1237 726 Angeli
1279 683 1409 728 super
1442 671 1625 716 ciborios

212 744 439 798 habentur,
480 757 642 788 cornua
673 743 830 801 singuli
859 750 1066 799 tenentes,
1104 744 1259 789 Judicii
1286 745 1399 790 diem
1433 760 1624 803 pronun-

215 819 383 863 tiantes.

657 975 673 1016 g
691 975 723 1007 9.
741 993 781 999 -—
797 975 846 1008 De
862 977 957 1017 porta
974 975 1185 1008 occidentali.

274 1082 399 1125 Porta
426 1081 716 1134 occidentalis,
745 1082 905 1125 habens
933 1082 1039 1125 duos
1066 1081 1282 1135 introitus,
1306 1083 1626 1140 pulchritudine

213 1157 508 1213 magnitudine
534 1164 574 1200 et
609 1157 857 1214 operatione
897 1157 1000 1200 alias
1036 1157 1297 1201 transcendit
1323 1165 1495 1215 portas;
1536 1160 1628 1217 ipsa

214 1232 368 1289 major,
399 1239 439 1276 et
464 1232 685 1289 pulchrior
711 1231 804 1276 aliis
830 1232 1030 1284 habetur,
1061 1239 1100 1275 et
1127 1231 1367 1277 mirabilius
1397 1242 1624 1292 operatur;

216 1307 448 1364 multisque
489 1306 692 1363 gradibus
735 1307 908 1360 deforis,
956 1307 1253 1366 columnisque
1299 1308 1476 1353 diversis
1512 1324 1629 1354 mar-

169 1428 172 1430 ,
215 1384 388 1431 moreis,
434 1383 745 1442 speciebusque
785 1383 913 1427 variis
952 1390 993 1427 et
1018 1384 1172 1428 diversi
1199 1385 1339 1429 modis
1373 1387 1624 1441 decoratur;

211 1458 572 1517 imaginibusque,
616 1457 881 1512 hominibus,
920 1459 1105 1512 feminis,
1150 1459 1422 1515 animalibus,
1463 1462 1625 1517 avibus,

211 1534 390 1583 Sanctis,
433 1533 618 1590 Angelis,
653 1533 834 1577 floribus
878 1534 1140 1592 diversisque
1182 1549 1389 1592 generum
1426 1537 1628 1594 operibus

214 1609 438 1667 sculpitur.
469 1608 597 1653 Cuius
624 1622 753 1665 opera
779 1615 895 1652 tanta
922 1616 1035 1663 sunt,
1065 1609 1166 1667 quia
1200 1624 1224 1653 a
1258 1611 1381 1655 nobis
1418 1613 1630 1658 narratio-

215 1685 343 1728 nibus
389 1684 696 1741 comprehendi
730 1691 963 1742 nequeunt.
1007 1684 1186 1729 Sursum
1224 1694 1367 1730 tamen
1410 1687 1629 1733 Dominica

214 1759 567 1817 Transfiguratio,
598 1760 780 1818 qualiter
807 1760 852 1803 in
877 1767 1022 1803 monte
1049 1761 1221 1805 Thabor
1246 1761 1326 1805 fuit
1351 1763 1475 1816 facta,
1506 1764 1632 1808 mira-

213 1835 360 1879 biliter
387 1835 612 1892 sculpitur.
643 1835 715 1879 Est
740 1835 854 1879 enim
880 1835 1086 1880 Dominus
1112 1836 1169 1880 ibi
1206 1836 1250 1880 in
1284 1838 1399 1881 nube
1434 1839 1627 1894 candida,

215 1910 322 1954 facie
349 1911 575 1968 splendens
600 1917 648 1954 ut
673 1911 750 1964 sol,
781 1917 894 1954 veste
921 1911 1139 1968 refulgens
1172 1918 1219 1955 ut
1241 1911 1337 1966 nix3
1365 1919 1406 1957 et
1431 1913 1556 1957 Pater
1582 1916 1632 1958 de

217 1999 348 2043 super
374 1986 551 2043 loquens
579 1987 631 2029 ad
657 1986 823 2043 ipsum;
854 1993 895 2030 et
922 1987 1081 2044 Moyses
1108 1994 1149 2031 et
1176 1987 1287 2031 Elias
1314 1988 1388 2046 qui
1432 2003 1530 2032 cum
1561 1990 1632 2034 illo

219 2068 525 2118 apparuerunt,
555 2062 778 2118 loquentes
816 2061 853 2105 ei
895 2075 1130 2114 excessum,
1173 2077 1301 2121 quem
1344 2065 1633 2122 completurus

217 2142 309 2180 erat
349 2136 393 2179 in
438 2137 691 2180 Jerusalem.
723 2136 785 2180 Ibi
819 2150 918 2180 vero
944 2137 1092 2181 beatus
1117 2138 1300 2183 Jacobus
1327 2147 1390 2183 est
1417 2147 1457 2183 et
1481 2140 1632 2185 Petrus

222 2218 262 2255 et
288 2212 489 2264 Joannes,
509 2211 666 2269 quibus
693 2211 1113 2269 transfigurationem
1140 2227 1263 2258 suam
1301 2228 1390 2272 prae
1431 2215 1632 2259 omnibus

223 2285 428 2330 Dominus
448 2286 662 2331 revelavit.

650 2441 668 2483 fl
686 2441 738 2474 10.
755 2459 796 2466 —
810 2442 860 2474 De
875 2442 1026 2475 turribus
1046 2442 1206 2476 basilicae.

281 2548 440 2592 Novem
465 2561 565 2591 vero
591 2555 732 2593 turres
768 2549 812 2592 in
855 2550 1003 2594 eadem
1040 2551 1217 2595 ecclesia
1259 2551 1468 2596 habiturae
1507 2559 1635 2596 sunt:

223 2624 317 2667 duae
342 2623 500 2667 scilicet
525 2638 655 2682 super
670 2625 876 2683 portalem
893 2625 1196 2682 meridianum,
1220 2634 1260 2672 et
1278 2628 1372 2672 duae
1391 2641 1521 2686 super
1540 2642 1637 2686 por-

225 2698 353 2742 talem
378 2698 697 2754 occidentalem,
727 2707 768 2744 et
794 2701 887 2746 duae
912 2715 1043 2759 super
1076 2702 1266 2760 singulas
1304 2702 1435 2758 vites;
1475 2709 1516 2747 et
1556 2702 1638 2747 alia
