<?xml version="1.0" encoding="UTF-8"?>
<!DOCTYPE html PUBLIC "-//W3C//DTD XHTML 1.0 Transitional//EN"
    "http://www.w3.org/TR/xhtml1/DTD/xhtml1-transitional.dtd">
<html xmlns="http://www.w3.org/1999/xhtml" xml:lang="en" lang="en">
 <head>
  <title>
</title>
<meta http-equiv="Content-Type" content="text/html;charset=utf-8" />
  <meta name='ocr-system' content='tesseract 3.04.00' />
  <meta name='ocr-capabilities' content='ocr_page ocr_carea ocr_par ocr_line ocrx_word'/>
</head>
<body>
  <div class='ocr_page' id='page_1' title='image "./lecodexdesaintja00fita_0058.png"; bbox 0 0 1998 3340; ppageno 0'>
   <div class='ocr_carea' id='block_1_1' title="bbox 998 386 1208 426">
    <p class='ocr_par' dir='ltr' id='par_1_1' title="bbox 998 386 1208 426">
     <span class='ocr_line' id='line_1_1' title="bbox 998 386 1208 426; baseline 0.005 -10"><span class='ocrx_word' id='word_1_1' title='bbox 998 386 1208 426; x_wconf 66' lang='grc'><strong>-44-</strong></span> 
     </span>
    </p>
   </div>
   <div class='ocr_carea' id='block_1_2' title="bbox 395 470 1819 2627">
    <p class='ocr_par' dir='ltr' id='par_1_2' title="bbox 395 470 1816 1058">
     <span class='ocr_line' id='line_1_2' title="bbox 399 470 1813 530; baseline -0.002 -13"><span class='ocrx_word' id='word_1_2' title='bbox 399 472 645 518; x_wconf 88' lang='lat' dir='ltr'>Galdelbodi</span> <span class='ocrx_word' id='word_1_3' title='bbox 688 473 815 530; x_wconf 89' lang='lat' dir='ltr'>Regis</span> <span class='ocrx_word' id='word_1_4' title='bbox 842 471 1035 525; x_wconf 84' lang='lat' dir='ltr'>Phrisiae,</span> <span class='ocrx_word' id='word_1_5' title='bbox 1063 472 1222 529; x_wconf 87' lang='lat' dir='ltr'>Otgerii</span> <span class='ocrx_word' id='word_1_6' title='bbox 1249 471 1376 530; x_wconf 85' lang='lat' dir='ltr'>Regis</span> <span class='ocrx_word' id='word_1_7' title='bbox 1408 471 1562 526; x_wconf 87' lang='lat' dir='ltr'>Daciae,</span> <span class='ocrx_word' id='word_1_8' title='bbox 1591 470 1813 529; x_wconf 86' lang='lat' dir='ltr'>Arastagni</span> 
     </span>
     <span class='ocr_line' id='line_1_3' title="bbox 399 546 1810 606; baseline -0.002 -14"><span class='ocrx_word' id='word_1_9' title='bbox 399 547 526 606; x_wconf 90' lang='lat' dir='ltr'>Regis</span> <span class='ocrx_word' id='word_1_10' title='bbox 546 548 790 602; x_wconf 84' lang='lat' dir='ltr'>Britanniae,</span> <span class='ocrx_word' id='word_1_11' title='bbox 811 547 958 592; x_wconf 86' lang='lat' dir='ltr'>Garini</span> <span class='ocrx_word' id='word_1_12' title='bbox 985 547 1110 591; x_wconf 92' lang='lat' dir='ltr'>Ducis</span> <span class='ocrx_word' id='word_1_13' title='bbox 1128 547 1428 605; x_wconf 76' lang='lat' dir='ltr'>Lotharingiae,</span> <span class='ocrx_word' id='word_1_14' title='bbox 1458 554 1498 590; x_wconf 90' lang='lat' dir='ltr'>et</span> <span class='ocrx_word' id='word_1_15' title='bbox 1515 546 1698 590; x_wconf 89' lang='lat' dir='ltr'>aliorum</span> <span class='ocrx_word' id='word_1_16' title='bbox 1715 547 1810 604; x_wconf 87' lang='lat' dir='ltr'>plu·</span> 
     </span>
     <span class='ocr_line' id='line_1_4' title="bbox 404 621 1814 680; baseline -0.002 -13"><span class='ocrx_word' id='word_1_17' title='bbox 404 623 630 678; x_wconf 89' lang='lat' dir='ltr'>rimorum,</span> <span class='ocrx_word' id='word_1_18' title='bbox 671 623 830 669; x_wconf 88' lang='lat' dir='ltr'>scilicet</span> <span class='ocrx_word' id='word_1_19' title='bbox 872 623 1004 668; x_wconf 87' lang='lat' dir='ltr'>Caroli</span> <span class='ocrx_word' id='word_1_20' title='bbox 1034 623 1187 680; x_wconf 81' lang='lat' dir='ltr'>Magni,</span> <span class='ocrx_word' id='word_1_21' title='bbox 1225 629 1513 680; x_wconf 81' lang='lat' dir='ltr'>pugnatorum</span> <span class='ocrx_word' id='word_1_22' title='bbox 1540 621 1614 680; x_wconf 89' lang='lat' dir='ltr'>qui</span> <span class='ocrx_word' id='word_1_23' title='bbox 1641 621 1814 665; x_wconf 88' lang='lat' dir='ltr'>devictis</span> 
     </span>
     <span class='ocr_line' id='line_1_5' title="bbox 402 696 1814 757; baseline -0.003 -14"><span class='ocrx_word' id='word_1_24' title='bbox 402 699 655 743; x_wconf 80' lang='lat' dir='ltr'>exercitibus</span> <span class='ocrx_word' id='word_1_25' title='bbox 683 712 947 757; x_wconf 86' lang='lat' dir='ltr'>paganorum</span> <span class='ocrx_word' id='word_1_26' title='bbox 986 698 1030 741; x_wconf 88' lang='lat' dir='ltr'>in</span> <span class='ocrx_word' id='word_1_27' title='bbox 1071 698 1275 755; x_wconf 82' lang='lat' dir='ltr'>Hispania</span> <span class='ocrx_word' id='word_1_28' title='bbox 1302 697 1496 742; x_wconf 88' lang='lat' dir='ltr'>trucidati</span> <span class='ocrx_word' id='word_1_29' title='bbox 1540 710 1617 755; x_wconf 95' lang='lat' dir='ltr'>pro</span> <span class='ocrx_word' id='word_1_30' title='bbox 1661 696 1814 740; x_wconf 78' lang='lat' dir='ltr'>Christi</span> 
     </span>
     <span class='ocr_line' id='line_1_6' title="bbox 398 771 1815 831; baseline -0.001 -14"><span class='ocrx_word' id='word_1_31' title='bbox 398 774 481 818; x_wconf 88' lang='lat' dir='ltr'>fide</span> <span class='ocrx_word' id='word_1_32' title='bbox 514 775 647 819; x_wconf 90' lang='lat' dir='ltr'>fuere.</span> <span class='ocrx_word' id='word_1_33' title='bbox 691 774 881 825; x_wconf 89' lang='lat' dir='ltr'>Quorum</span> <span class='ocrx_word' id='word_1_34' title='bbox 921 773 1109 831; x_wconf 88' lang='lat' dir='ltr'>pretiosa</span> <span class='ocrx_word' id='word_1_35' title='bbox 1148 787 1328 831; x_wconf 87' lang='lat' dir='ltr'>corpora</span> <span class='ocrx_word' id='word_1_36' title='bbox 1370 787 1508 831; x_wconf 89' lang='lat' dir='ltr'>usque</span> <span class='ocrx_word' id='word_1_37' title='bbox 1544 773 1594 816; x_wconf 92' lang='lat' dir='ltr'>ad</span> <span class='ocrx_word' id='word_1_38' title='bbox 1623 771 1815 816; x_wconf 88' lang='lat' dir='ltr'>Belinum</span> 
     </span>
     <span class='ocr_line' id='line_1_7' title="bbox 399 847 1812 905; baseline -0.002 -11"><span class='ocrx_word' id='word_1_39' title='bbox 399 850 502 895; x_wconf 90' lang='lat' dir='ltr'>socii</span> <span class='ocrx_word' id='word_1_40' title='bbox 530 850 701 893; x_wconf 89' lang='lat' dir='ltr'>illorum</span> <span class='ocrx_word' id='word_1_41' title='bbox 727 850 999 902; x_wconf 83' lang='lat' dir='ltr'>detulerunt3</span> <span class='ocrx_word' id='word_1_42' title='bbox 1041 855 1082 892; x_wconf 91' lang='lat' dir='ltr'>et</span> <span class='ocrx_word' id='word_1_43' title='bbox 1107 847 1165 891; x_wconf 92' lang='lat' dir='ltr'>ibi</span> <span class='ocrx_word' id='word_1_44' title='bbox 1204 848 1512 892; x_wconf 81' lang='lat' dir='ltr'>studiosissime</span> <span class='ocrx_word' id='word_1_45' title='bbox 1535 847 1812 905; x_wconf 87' lang='lat' dir='ltr'>sepelierunt.</span> 
     </span>
     <span class='ocr_line' id='line_1_8' title="bbox 395 923 1816 980; baseline -0.004 -10"><span class='ocrx_word' id='word_1_46' title='bbox 395 927 544 970; x_wconf 89' lang='lat' dir='ltr'>Jacent</span> <span class='ocrx_word' id='word_1_47' title='bbox 571 938 718 969; x_wconf 88' lang='lat' dir='ltr'>omnes</span> <span class='ocrx_word' id='word_1_48' title='bbox 744 938 831 968; x_wconf 90' lang='lat' dir='ltr'>una</span> <span class='ocrx_word' id='word_1_49' title='bbox 856 924 900 966; x_wconf 91' lang='lat' dir='ltr'>in</span> <span class='ocrx_word' id='word_1_50' title='bbox 918 937 1004 967; x_wconf 90' lang='lat' dir='ltr'>uno</span> <span class='ocrx_word' id='word_1_51' title='bbox 1029 923 1210 976; x_wconf 80' lang='lat' dir='ltr'>tumuIO,</span> <span class='ocrx_word' id='word_1_52' title='bbox 1240 936 1288 966; x_wconf 87' lang='lat' dir='ltr'>ex</span> <span class='ocrx_word' id='word_1_53' title='bbox 1314 937 1397 980; x_wconf 94' lang='lat' dir='ltr'>quo</span> <span class='ocrx_word' id='word_1_54' title='bbox 1418 923 1695 967; x_wconf 87' lang='lat' dir='ltr'>suavissimus</span> <span class='ocrx_word' id='word_1_55' title='bbox 1711 923 1816 966; x_wconf 88' lang='lat' dir='ltr'>odor</span> 
     </span>
     <span class='ocr_line' id='line_1_9' title="bbox 399 998 1161 1058; baseline -0.004 -14"><span class='ocrx_word' id='word_1_56' title='bbox 399 1000 565 1058; x_wconf 78' lang='lat' dir='ltr'>flagrat,</span> <span class='ocrx_word' id='word_1_57' title='bbox 595 1001 708 1044; x_wconf 89' lang='lat' dir='ltr'>unde</span> <span class='ocrx_word' id='word_1_58' title='bbox 734 998 914 1044; x_wconf 88' lang='lat' dir='ltr'>colliniti</span> <span class='ocrx_word' id='word_1_59' title='bbox 941 1005 1161 1043; x_wconf 88' lang='lat' dir='ltr'>sanantur.</span> 
     </span>
    </p>

    <p class='ocr_par' dir='ltr' id='par_1_3' title="bbox 399 1071 1815 1282">
     <span class='ocr_line' id='line_1_10' title="bbox 462 1071 1813 1131; baseline -0.002 -13"><span class='ocrx_word' id='word_1_60' title='bbox 462 1074 621 1119; x_wconf 90' lang='lat' dir='ltr'>Deinde</span> <span class='ocrx_word' id='word_1_61' title='bbox 663 1074 917 1119; x_wconf 88' lang='lat' dir='ltr'>visitandum</span> <span class='ocrx_word' id='word_1_62' title='bbox 978 1081 1039 1117; x_wconf 85' lang='lat' dir='ltr'>est</span> <span class='ocrx_word' id='word_1_63' title='bbox 1087 1073 1130 1116; x_wconf 90' lang='lat' dir='ltr'>in</span> <span class='ocrx_word' id='word_1_64' title='bbox 1176 1072 1380 1131; x_wconf 84' lang='lat' dir='ltr'>Hispania</span> <span class='ocrx_word' id='word_1_65' title='bbox 1428 1072 1540 1116; x_wconf 88' lang='lat' dir='ltr'>beati</span> <span class='ocrx_word' id='word_1_66' title='bbox 1590 1071 1813 1124; x_wconf 91' lang='lat' dir='ltr'>Dominici‚</span> 
     </span>
     <span class='ocr_line' id='line_1_11' title="bbox 399 1148 1815 1208; baseline -0.003 -14"><span class='ocrx_word' id='word_1_67' title='bbox 399 1150 679 1203; x_wconf 86' lang='lat' dir='ltr'>Confessoris,</span> <span class='ocrx_word' id='word_1_68' title='bbox 706 1151 882 1208; x_wconf 89' lang='lat' dir='ltr'>Corpus,</span> <span class='ocrx_word' id='word_1_69' title='bbox 913 1150 985 1207; x_wconf 89' lang='lat' dir='ltr'>qui</span> <span class='ocrx_word' id='word_1_70' title='bbox 1013 1149 1236 1194; x_wconf 88' lang='lat' dir='ltr'>Calciatam</span> <span class='ocrx_word' id='word_1_71' title='bbox 1258 1163 1353 1206; x_wconf 83' lang='lat' dir='ltr'>quae</span> <span class='ocrx_word' id='word_1_72' title='bbox 1374 1155 1435 1192; x_wconf 87' lang='lat' dir='ltr'>est</span> <span class='ocrx_word' id='word_1_73' title='bbox 1462 1148 1576 1191; x_wconf 91' lang='lat' dir='ltr'>inter</span> <span class='ocrx_word' id='word_1_74' title='bbox 1603 1148 1815 1205; x_wconf 86' lang='lat' dir='ltr'>Nageram</span> 
     </span>
     <span class='ocr_line' id='line_1_12' title="bbox 401 1223 1550 1282; baseline -0.003 -12"><span class='ocrx_word' id='word_1_75' title='bbox 401 1227 552 1271; x_wconf 88' lang='lat' dir='ltr'>urbem</span> <span class='ocrx_word' id='word_1_76' title='bbox 580 1234 621 1270; x_wconf 92' lang='lat' dir='ltr'>et</span> <span class='ocrx_word' id='word_1_77' title='bbox 647 1226 899 1278; x_wconf 86' lang='lat' dir='ltr'>Radicellas‚</span> <span class='ocrx_word' id='word_1_78' title='bbox 929 1224 1052 1278; x_wconf 87' lang='lat' dir='ltr'>fecit;</span> <span class='ocrx_word' id='word_1_79' title='bbox 1082 1224 1157 1268; x_wconf 91' lang='lat' dir='ltr'>ubi</span> <span class='ocrx_word' id='word_1_80' title='bbox 1184 1224 1274 1281; x_wconf 92' lang='lat' dir='ltr'>ipse</span> <span class='ocrx_word' id='word_1_81' title='bbox 1302 1223 1550 1282; x_wconf 90' lang='lat' dir='ltr'>requiescit.</span> 
     </span>
    </p>

    <p class='ocr_par' dir='ltr' id='par_1_4' title="bbox 399 1298 1819 2250">
     <span class='ocr_line' id='line_1_13' title="bbox 461 1298 1815 1357; baseline -0.003 -12"><span class='ocrx_word' id='word_1_82' title='bbox 461 1303 564 1345; x_wconf 85' lang='lat' dir='ltr'>Item</span> <span class='ocrx_word' id='word_1_83' title='bbox 581 1301 788 1345; x_wconf 89' lang='lat' dir='ltr'>visitanda</span> <span class='ocrx_word' id='word_1_84' title='bbox 807 1307 905 1344; x_wconf 87' lang='lat' dir='ltr'>sunt</span> <span class='ocrx_word' id='word_1_85' title='bbox 922 1299 1108 1357; x_wconf 86' lang='lat' dir='ltr'>Corpora</span> <span class='ocrx_word' id='word_1_86' title='bbox 1125 1299 1348 1343; x_wconf 90' lang='lat' dir='ltr'>beatorum</span> <span class='ocrx_word' id='word_1_87' title='bbox 1370 1306 1605 1357; x_wconf 84' lang='lat' dir='ltr'>martyrum</span> <span class='ocrx_word' id='word_1_88' title='bbox 1630 1298 1815 1342; x_wconf 85' lang='lat' dir='ltr'>Facundi</span> 
     </span>
     <span class='ocr_line' id='line_1_14' title="bbox 403 1373 1819 1433; baseline -0.004 -12"><span class='ocrx_word' id='word_1_89' title='bbox 403 1377 561 1421; x_wconf 89' lang='lat' dir='ltr'>scilicet</span> <span class='ocrx_word' id='word_1_90' title='bbox 587 1383 628 1420; x_wconf 88' lang='lat' dir='ltr'>et</span> <span class='ocrx_word' id='word_1_91' title='bbox 657 1375 878 1428; x_wconf 87' lang='lat' dir='ltr'>Primitivi,</span> <span class='ocrx_word' id='word_1_92' title='bbox 910 1388 1094 1433; x_wconf 87' lang='lat' dir='ltr'>quorum</span> <span class='ocrx_word' id='word_1_93' title='bbox 1121 1374 1340 1418; x_wconf 83' lang='lat' dir='ltr'>basilicam</span> <span class='ocrx_word' id='word_1_94' title='bbox 1367 1374 1548 1418; x_wconf 87' lang='lat' dir='ltr'>Carolus</span> <span class='ocrx_word' id='word_1_95' title='bbox 1568 1373 1682 1427; x_wconf 88' lang='lat' dir='ltr'>fecit,</span> <span class='ocrx_word' id='word_1_96' title='bbox 1699 1373 1819 1431; x_wconf 87' lang='lat' dir='ltr'>juxta</span> 
     </span>
     <span class='ocr_line' id='line_1_15' title="bbox 405 1444 1819 1510; baseline -0.002 -14"><span class='ocrx_word' id='word_1_97' title='bbox 405 1466 590 1510; x_wconf 90' lang='lat' dir='ltr'>quorum</span> <span class='ocrx_word' id='word_1_98' title='bbox 634 1446 782 1495; x_wconf 81' lang='lat' dir='ltr'>Villam</span> <span class='ocrx_word' id='word_1_99' title='bbox 826 1444 924 1494; x_wconf 83' lang='lat' dir='ltr'>sunt</span> <span class='ocrx_word' id='word_1_100' title='bbox 968 1456 1090 1508; x_wconf 85' lang='lat' dir='ltr'>prata</span> <span class='ocrx_word' id='word_1_101' title='bbox 1125 1463 1369 1502; x_wconf 88' lang='lat' dir='ltr'>nemorosa,</span> <span class='ocrx_word' id='word_1_102' title='bbox 1410 1449 1453 1492; x_wconf 92' lang='lat' dir='ltr'>in</span> <span class='ocrx_word' id='word_1_103' title='bbox 1480 1449 1637 1507; x_wconf 90' lang='lat' dir='ltr'>quibus</span> <span class='ocrx_word' id='word_1_104' title='bbox 1680 1449 1819 1493; x_wconf 81' lang='lat' dir='ltr'>infixae</span> 
     </span>
     <span class='ocr_line' id='line_1_16' title="bbox 400 1523 1818 1584; baseline -0.004 -12"><span class='ocrx_word' id='word_1_105' title='bbox 400 1530 532 1572; x_wconf 70' lang='lat' dir='ltr'>hastae</span> <span class='ocrx_word' id='word_1_106' title='bbox 560 1528 805 1572; x_wconf 85' lang='lat' dir='ltr'>lancearum</span> <span class='ocrx_word' id='word_1_107' title='bbox 833 1532 1119 1584; x_wconf 83' lang='lat' dir='ltr'>pugnatorum</span> <span class='ocrx_word' id='word_1_108' title='bbox 1148 1525 1389 1569; x_wconf 85' lang='lat' dir='ltr'>fronduisse</span> <span class='ocrx_word' id='word_1_109' title='bbox 1414 1525 1676 1569; x_wconf 86' lang='lat' dir='ltr'>referuntur.</span> <span class='ocrx_word' id='word_1_110' title='bbox 1705 1523 1818 1575; x_wconf 91' lang='lat' dir='ltr'>Quo-</span> 
     </span>
     <span class='ocr_line' id='line_1_17' title="bbox 400 1599 1816 1659; baseline -0.004 -12"><span class='ocrx_word' id='word_1_111' title='bbox 400 1618 497 1647; x_wconf 86' lang='lat' dir='ltr'>rum</span> <span class='ocrx_word' id='word_1_112' title='bbox 540 1602 786 1647; x_wconf 87' lang='lat' dir='ltr'>solemnitas</span> <span class='ocrx_word' id='word_1_113' title='bbox 812 1602 961 1659; x_wconf 92' lang='lat' dir='ltr'>quinto</span> <span class='ocrx_word' id='word_1_114' title='bbox 989 1601 1190 1646; x_wconf 86' lang='lat' dir='ltr'>kalendas</span> <span class='ocrx_word' id='word_1_115' title='bbox 1217 1600 1455 1644; x_wconf 86' lang='lat' dir='ltr'>decembris</span> <span class='ocrx_word' id='word_1_116' title='bbox 1500 1599 1668 1643; x_wconf 88' lang='lat' dir='ltr'>colitur.</span> <span class='ocrx_word' id='word_1_117' title='bbox 1714 1600 1816 1643; x_wconf 90' lang='lat' dir='ltr'>Inde</span> 
     </span>
     <span class='ocr_line' id='line_1_18' title="bbox 400 1676 1819 1736; baseline -0.004 -13"><span class='ocrx_word' id='word_1_118' title='bbox 400 1680 510 1736; x_wconf 86' lang='lat' dir='ltr'>apud</span> <span class='ocrx_word' id='word_1_119' title='bbox 555 1679 708 1722; x_wconf 90' lang='lat' dir='ltr'>urbem</span> <span class='ocrx_word' id='word_1_120' title='bbox 746 1677 972 1735; x_wconf 82' lang='lat' dir='ltr'>Legionem</span> <span class='ocrx_word' id='word_1_121' title='bbox 1013 1676 1269 1720; x_wconf 85' lang='lat' dir='ltr'>visitandum</span> <span class='ocrx_word' id='word_1_122' title='bbox 1306 1683 1369 1719; x_wconf 88' lang='lat' dir='ltr'>est</span> <span class='ocrx_word' id='word_1_123' title='bbox 1416 1676 1576 1732; x_wconf 89' lang='lat' dir='ltr'>Corpus</span> <span class='ocrx_word' id='word_1_124' title='bbox 1610 1687 1819 1718; x_wconf 88' lang='lat' dir='ltr'>veneran-</span> 
     </span>
     <span class='ocr_line' id='line_1_19' title="bbox 400 1749 1817 1810; baseline -0.005 -11"><span class='ocrx_word' id='word_1_125' title='bbox 400 1756 501 1799; x_wconf 90' lang='lat' dir='ltr'>dum</span> <span class='ocrx_word' id='word_1_126' title='bbox 543 1753 655 1798; x_wconf 91' lang='lat' dir='ltr'>beati</span> <span class='ocrx_word' id='word_1_127' title='bbox 697 1753 847 1797; x_wconf 89' lang='lat' dir='ltr'>Isidori</span> <span class='ocrx_word' id='word_1_128' title='bbox 893 1752 1088 1810; x_wconf 78' lang='lat' dir='ltr'>Episcopi</span> <span class='ocrx_word' id='word_1_129' title='bbox 1125 1758 1165 1795; x_wconf 88' lang='lat' dir='ltr'>et</span> <span class='ocrx_word' id='word_1_130' title='bbox 1214 1750 1490 1804; x_wconf 86' lang='lat' dir='ltr'>Confessoris,</span> <span class='ocrx_word' id='word_1_131' title='bbox 1533 1749 1617 1793; x_wconf 88' lang='lat' dir='ltr'>sive</span> <span class='ocrx_word' id='word_1_132' title='bbox 1663 1749 1817 1793; x_wconf 88' lang='lat' dir='ltr'>Docto-</span> 
     </span>
     <span class='ocr_line' id='line_1_20' title="bbox 400 1825 1817 1888; baseline -0.004 -14"><span class='ocrx_word' id='word_1_133' title='bbox 400 1830 476 1882; x_wconf 92' lang='lat' dir='ltr'>ris,</span> <span class='ocrx_word' id='word_1_134' title='bbox 519 1829 593 1888; x_wconf 88' lang='lat' dir='ltr'>qui</span> <span class='ocrx_word' id='word_1_135' title='bbox 635 1829 829 1886; x_wconf 86' lang='lat' dir='ltr'>regulam</span> <span class='ocrx_word' id='word_1_136' title='bbox 855 1827 1094 1886; x_wconf 89' lang='lat' dir='ltr'>piissimam</span> <span class='ocrx_word' id='word_1_137' title='bbox 1139 1826 1310 1872; x_wconf 90' lang='lat' dir='ltr'>Clericis</span> <span class='ocrx_word' id='word_1_138' title='bbox 1351 1825 1654 1870; x_wconf 88' lang='lat' dir='ltr'>Ecclesiasticis</span> <span class='ocrx_word' id='word_1_139' title='bbox 1695 1825 1817 1869; x_wconf 90' lang='lat' dir='ltr'>insti-</span> 
     </span>
     <span class='ocr_line' id='line_1_21' title="bbox 402 1901 1817 1962; baseline -0.004 -13"><span class='ocrx_word' id='word_1_140' title='bbox 402 1905 483 1949; x_wconf 83' lang='lat' dir='ltr'>tuit</span> <span class='ocrx_word' id='word_1_141' title='bbox 509 1912 550 1949; x_wconf 87' lang='lat' dir='ltr'>et</span> <span class='ocrx_word' id='word_1_142' title='bbox 579 1910 750 1962; x_wconf 81' lang='lat' dir='ltr'>gentem</span> <span class='ocrx_word' id='word_1_143' title='bbox 777 1902 1052 1961; x_wconf 89' lang='lat' dir='ltr'>Hispanicam</span> <span class='ocrx_word' id='word_1_144' title='bbox 1081 1903 1169 1946; x_wconf 90' lang='lat' dir='ltr'>suis</span> <span class='ocrx_word' id='word_1_145' title='bbox 1189 1901 1392 1946; x_wconf 87' lang='lat' dir='ltr'>doctrinis</span> <span class='ocrx_word' id='word_1_146' title='bbox 1410 1901 1580 1955; x_wconf 89' lang='lat' dir='ltr'>imbuit,</span> <span class='ocrx_word' id='word_1_147' title='bbox 1602 1907 1817 1958; x_wconf 90' lang='lat' dir='ltr'>totamque</span> 
     </span>
     <span class='ocr_line' id='line_1_22' title="bbox 402 1975 1815 2034; baseline -0.005 -9"><span class='ocrx_word' id='word_1_148' title='bbox 402 1987 590 2025; x_wconf 88' lang='lat' dir='ltr'>sanctam</span> <span class='ocrx_word' id='word_1_149' title='bbox 645 1979 877 2024; x_wconf 90' lang='lat' dir='ltr'>Ecclesiam</span> <span class='ocrx_word' id='word_1_150' title='bbox 937 1978 1156 2022; x_wconf 87' lang='lat' dir='ltr'>codicibus</span> <span class='ocrx_word' id='word_1_151' title='bbox 1198 1977 1287 2021; x_wconf 88' lang='lat' dir='ltr'>suis</span> <span class='ocrx_word' id='word_1_152' title='bbox 1330 1976 1545 2034; x_wconf 87' lang='lat' dir='ltr'>florigeris</span> <span class='ocrx_word' id='word_1_153' title='bbox 1588 1975 1815 2020; x_wconf 85' lang='lat' dir='ltr'>decoravit.</span> 
     </span>
     <span class='ocr_line' id='line_1_23' title="bbox 401 2051 1819 2110; baseline -0.004 -11"><span class='ocrx_word' id='word_1_154' title='bbox 401 2056 590 2099; x_wconf 89' lang='lat' dir='ltr'>Tandem</span> <span class='ocrx_word' id='word_1_155' title='bbox 615 2054 726 2098; x_wconf 90' lang='lat' dir='ltr'>beati</span> <span class='ocrx_word' id='word_1_156' title='bbox 770 2053 915 2099; x_wconf 88' lang='lat' dir='ltr'>Jacobi</span> <span class='ocrx_word' id='word_1_157' title='bbox 942 2053 1131 2110; x_wconf 87' lang='lat' dir='ltr'>Apostoli</span> <span class='ocrx_word' id='word_1_158' title='bbox 1159 2066 1315 2110; x_wconf 89' lang='lat' dir='ltr'>corpus</span> <span class='ocrx_word' id='word_1_159' title='bbox 1359 2051 1658 2109; x_wconf 91' lang='lat' dir='ltr'>dignissimum</span> <span class='ocrx_word' id='word_1_160' title='bbox 1700 2065 1819 2095; x_wconf 91' lang='lat' dir='ltr'>sum-</span> 
     </span>
     <span class='ocr_line' id='line_1_24' title="bbox 401 2126 1819 2188; baseline -0.004 -13"><span class='ocrx_word' id='word_1_161' title='bbox 401 2145 577 2188; x_wconf 92' lang='lat' dir='ltr'>mopere</span> <span class='ocrx_word' id='word_1_162' title='bbox 604 2137 731 2188; x_wconf 88' lang='lat' dir='ltr'>atque</span> <span class='ocrx_word' id='word_1_163' title='bbox 774 2128 1085 2173; x_wconf 88' lang='lat' dir='ltr'>studiosissime</span> <span class='ocrx_word' id='word_1_164' title='bbox 1120 2128 1164 2171; x_wconf 92' lang='lat' dir='ltr'>in</span> <span class='ocrx_word' id='word_1_165' title='bbox 1192 2128 1300 2172; x_wconf 92' lang='lat' dir='ltr'>urbe</span> <span class='ocrx_word' id='word_1_166' title='bbox 1338 2127 1678 2184; x_wconf 88' lang='lat' dir='ltr'>Compostellana</span> <span class='ocrx_word' id='word_1_167' title='bbox 1721 2126 1819 2170; x_wconf 89' lang='lat' dir='ltr'>visi-</span> 
     </span>
     <span class='ocr_line' id='line_1_25' title="bbox 399 2208 681 2250; baseline -0.007 0"><span class='ocrx_word' id='word_1_168' title='bbox 399 2208 578 2250; x_wconf 89' lang='lat' dir='ltr'>tandum</span> <span class='ocrx_word' id='word_1_169' title='bbox 605 2212 681 2249; x_wconf 87' lang='lat' dir='ltr'>est.</span> 
     </span>
    </p>

    <p class='ocr_par' dir='ltr' id='par_1_5' title="bbox 402 2276 1818 2627">
     <span class='ocr_line' id='line_1_26' title="bbox 459 2276 1818 2339; baseline -0.004 -14"><span class='ocrx_word' id='word_1_170' title='bbox 459 2282 510 2325; x_wconf 94' lang='lat' dir='ltr'>Hi</span> <span class='ocrx_word' id='word_1_171' title='bbox 537 2281 702 2339; x_wconf 83' lang='lat' dir='ltr'>praefati</span> <span class='ocrx_word' id='word_1_172' title='bbox 730 2280 886 2333; x_wconf 90' lang='lat' dir='ltr'>Sancti,</span> <span class='ocrx_word' id='word_1_173' title='bbox 917 2293 1014 2323; x_wconf 91' lang='lat' dir='ltr'>cum</span> <span class='ocrx_word' id='word_1_174' title='bbox 1042 2279 1135 2323; x_wconf 89' lang='lat' dir='ltr'>aliis</span> <span class='ocrx_word' id='word_1_175' title='bbox 1171 2278 1371 2323; x_wconf 87' lang='lat' dir='ltr'>omnibus</span> <span class='ocrx_word' id='word_1_176' title='bbox 1398 2277 1552 2321; x_wconf 87' lang='lat' dir='ltr'>sanctis</span> <span class='ocrx_word' id='word_1_177' title='bbox 1590 2277 1680 2330; x_wconf 90' lang='lat' dir='ltr'>Dei,</span> <span class='ocrx_word' id='word_1_178' title='bbox 1729 2276 1818 2320; x_wconf 88' lang='lat' dir='ltr'>suis</span> 
     </span>
     <span class='ocr_line' id='line_1_27' title="bbox 402 2352 1818 2413; baseline -0.004 -13"><span class='ocrx_word' id='word_1_179' title='bbox 402 2357 564 2401; x_wconf 87' lang='lat' dir='ltr'>meritis</span> <span class='ocrx_word' id='word_1_180' title='bbox 592 2364 632 2401; x_wconf 93' lang='lat' dir='ltr'>et</span> <span class='ocrx_word' id='word_1_181' title='bbox 659 2356 857 2413; x_wconf 90' lang='lat' dir='ltr'>precibus</span> <span class='ocrx_word' id='word_1_182' title='bbox 885 2354 1142 2398; x_wconf 86' lang='lat' dir='ltr'>auxilientur</span> <span class='ocrx_word' id='word_1_183' title='bbox 1168 2354 1308 2405; x_wconf 86' lang='lat' dir='ltr'>nobis,</span> <span class='ocrx_word' id='word_1_184' title='bbox 1337 2353 1448 2410; x_wconf 89' lang='lat' dir='ltr'>apud</span> <span class='ocrx_word' id='word_1_185' title='bbox 1468 2352 1694 2396; x_wconf 89' lang='lat' dir='ltr'>Dominum</span> <span class='ocrx_word' id='word_1_186' title='bbox 1721 2365 1818 2395; x_wconf 87' lang='lat' dir='ltr'>nos-</span> 
     </span>
     <span class='ocr_line' id='line_1_28' title="bbox 402 2428 1814 2488; baseline -0.004 -12"><span class='ocrx_word' id='word_1_187' title='bbox 402 2440 516 2476; x_wconf 89' lang='lat' dir='ltr'>trum</span> <span class='ocrx_word' id='word_1_188' title='bbox 557 2433 703 2476; x_wconf 89' lang='lat' dir='ltr'>Jesum</span> <span class='ocrx_word' id='word_1_189' title='bbox 744 2431 974 2484; x_wconf 84' lang='lat' dir='ltr'>Christum,</span> <span class='ocrx_word' id='word_1_190' title='bbox 1019 2430 1091 2488; x_wconf 92' lang='lat' dir='ltr'>qui</span> <span class='ocrx_word' id='word_1_191' title='bbox 1118 2443 1215 2474; x_wconf 91' lang='lat' dir='ltr'>cum</span> <span class='ocrx_word' id='word_1_192' title='bbox 1242 2430 1365 2473; x_wconf 90' lang='lat' dir='ltr'>Patre</span> <span class='ocrx_word' id='word_1_193' title='bbox 1399 2435 1438 2471; x_wconf 88' lang='lat' dir='ltr'>et</span> <span class='ocrx_word' id='word_1_194' title='bbox 1465 2428 1623 2486; x_wconf 87' lang='lat' dir='ltr'>Spiritu</span> <span class='ocrx_word' id='word_1_195' title='bbox 1650 2428 1814 2480; x_wconf 85' lang='lat' dir='ltr'>Sancto,</span> 
     </span>
     <span class='ocr_line' id='line_1_29' title="bbox 402 2503 1815 2564; baseline -0.004 -14"><span class='ocrx_word' id='word_1_196' title='bbox 402 2508 500 2551; x_wconf 91' lang='lat' dir='ltr'>vivit</span> <span class='ocrx_word' id='word_1_197' title='bbox 557 2516 598 2551; x_wconf 93' lang='lat' dir='ltr'>et</span> <span class='ocrx_word' id='word_1_198' title='bbox 649 2513 798 2564; x_wconf 86' lang='lat' dir='ltr'>regnat</span> <span class='ocrx_word' id='word_1_199' title='bbox 841 2506 951 2550; x_wconf 90' lang='lat' dir='ltr'>Deus</span> <span class='ocrx_word' id='word_1_200' title='bbox 999 2519 1075 2563; x_wconf 89' lang='lat' dir='ltr'>per</span> <span class='ocrx_word' id='word_1_201' title='bbox 1126 2504 1291 2548; x_wconf 88' lang='lat' dir='ltr'>infinita</span> <span class='ocrx_word' id='word_1_202' title='bbox 1346 2504 1500 2547; x_wconf 84' lang='lat' dir='ltr'>saecula</span> <span class='ocrx_word' id='word_1_203' title='bbox 1544 2503 1815 2547; x_wconf 85' lang='lat' dir='ltr'>saeculorum.</span> 
     </span>
     <span class='ocr_line' id='line_1_30' title="bbox 402 2586 549 2627; baseline -0.007 0"><span class='ocrx_word' id='word_1_204' title='bbox 402 2586 549 2627; x_wconf 81' lang='lat' dir='ltr'>Amen.</span> 
     </span>
    </p>
   </div>
  </div>
 </body>
</html>
