1998 3340
718 394 769 402 ....
796 369 848 410 37
874 394 926 400 .-

120 457 186 502 nis
234 457 479 515 Eutropius,
532 471 580 502 ac
625 457 736 500 fama
779 462 1034 501 caeterorum
1082 456 1389 502 miraculorum
1436 460 1528 504 eius

121 528 279 581 audita,
325 528 367 571 in
410 542 458 572 eo
500 527 813 585 aliquantulum
849 527 937 586 jam
982 528 1176 581 credens,
1224 528 1338 586 loqui
1379 529 1416 572 ei
1457 531 1528 575 de-

121 603 328 657 siderans,
370 617 448 647 nec
492 603 697 656 audebat余
741 602 842 660 quia
879 602 1120 656 Nicanoris,
1158 602 1250 647 eius
1293 605 1527 662 paedagogi,

121 677 435 722 distinctionem
472 677 726 722 formidabat
761 677 829 721 cui
865 678 1145 743 admirandus
1188 684 1308 735 pater
1347 678 1439 722 eius
1480 681 1530 722 ad

123 753 447 797 custodiendum
467 753 586 797 illum
604 752 834 796 tradiderat
857 767 865 795 :
888 752 1074 797 saciatur
1099 759 1241 796 tamen
1266 767 1374 810 pane
1391 754 1533 797 Domi-

123 828 230 872 nicae
255 829 426 886 gratiae余
467 828 803 886 Hierosolymam
831 827 1028 885 perrexit,
1060 834 1100 871 et
1127 828 1301 872 adorato
1340 828 1536 873 Creatore

123 903 167 946 in
193 904 350 961 templo
385 902 528 960 gentili
558 917 694 954 more,
724 902 926 947 remeavit
952 904 1003 946 ad
1032 902 1162 960 patris
1191 903 1255 947 sui
1282 904 1473 948 domum.

182 978 232 1023 Et
256 979 380 1036 caepit
405 978 443 1022 ei
471 992 675 1022 enarrare
702 986 867 1032 cuncta,
897 993 993 1036 quae
1019 978 1063 1021 in
1089 978 1229 1022 Patria
1273 980 1386 1023 unde
1413 993 1537 1024 vene-

123 1061 202 1108 rat,
232 1053 455 1114 diligenter
480 1054 657 1098 viderat.
686 1053 775 1097 Vidi
818 1054 956 1111 inquit
996 1054 1215 1097 hominem
1256 1054 1329 1112 qui
1378 1054 1534 1099 dicitur

124 1129 330 1183 Christus,
360 1129 427 1173 cui
455 1129 498 1172 in
526 1136 612 1173 toto
638 1130 799 1173 mundo
837 1128 987 1173 similis
1013 1129 1162 1187 nequit
1189 1129 1384 1173 inveniri.
1430 1131 1538 1174 Mor-

123 1203 207 1248 tuis
244 1204 388 1258 vitam,
431 1205 586 1262 leprosi
631 1205 991 1259 emundationem,
1036 1204 1162 1249 coecis
1201 1204 1354 1258 visum,
1397 1206 1538 1250 surdis

126 1279 337 1333 auditum,
368 1280 528 1324 claudis
556 1280 779 1338 pristinam
806 1279 1025 1334 virtutem,
1055 1280 1342 1338 omnibusque
1369 1281 1538 1338 generi-

66 1393 69 1396 .
125 1355 205 1399 bus
231 1355 504 1399 infirmorum
532 1355 755 1400 sanitatem
783 1355 873 1413 ipse
899 1355 1076 1413 praebet.
1106 1354 1214 1406 Quid
1241 1356 1394 1413 plura?
1413 1355 1539 1407 Quin-

124 1443 208 1488 que
232 1430 458 1474 hominum
485 1430 617 1474 millia
645 1432 696 1474 de
722 1430 913 1488 quinque
939 1430 1122 1488 panibus
1150 1437 1190 1474 et
1217 1431 1384 1474 duobus
1410 1431 1536 1488 pisci-

124 1505 220 1559 bus,
250 1519 318 1549 me
343 1506 525 1559 vidente,
563 1505 760 1559 saciavit余
791 1507 842 1549 de
881 1505 1130 1563 fragmentis
1171 1519 1270 1550 vero
1313 1506 1538 1550 duodecim

125 1580 332 1639 cophinos
371 1581 462 1625 eius
514 1581 688 1625 clientes
728 1580 1042 1638 impleverunt(
1079 1581 1244 1635 Fames,
1290 1587 1534 1639 tempestas,

125 1655 376 1709 mortalitas,
405 1655 491 1700 oris
518 1656 674 1714 quibus
701 1662 909 1710 moratur,
938 1655 1081 1699 locum
1122 1656 1282 1699 habere
1322 1656 1534 1714 nequivit:

125 1731 160 1775 si
195 1731 284 1789 jam
325 1731 445 1775 illum
487 1731 598 1785 coeli,
643 1737 856 1789 terraeque
897 1737 1063 1775 creator
1106 1731 1150 1774 in
1191 1737 1338 1775 nostra
1363 1732 1538 1788 regione

126 1807 293 1851 mittere
320 1807 585 1864 dignaretur,
615 1807 779 1851 utinam
810 1813 884 1851 tua
918 1806 1053 1864 gratia
1079 1806 1139 1849 illi
1166 1806 1536 1851 honorificentiam

126 1882 366 1927 exhiberet!
395 1882 680 1928 Admirandus
706 1896 804 1926 vero
831 1883 938 1936 haec,
968 1888 1008 1926 et
1034 1881 1101 1925 his
1136 1881 1307 1936 similia,
1343 1896 1367 1926 a
1403 1896 1536 1939 puero

125 1958 382 2012 auscultans,
422 1958 648 2016 diligenter
689 1958 841 2002 tacitus
876 1958 1089 2016 cogitabat
1121 1957 1304 2015 qualiter
1339 1971 1437 2001 eum
1478 1957 1537 2000 vi-

126 2034 228 2078 dere
253 2040 411 2092 posset.
442 2034 538 2078 Post
564 2033 764 2091 exiguum
792 2047 892 2077 vero
919 2041 1088 2092 tempus
1113 2033 1179 2076 vix
1205 2034 1229 2076 a
1254 2033 1368 2091 Rege
1402 2032 1537 2090 impe-

125 2114 235 2152 trata
274 2108 459 2163 licentia,
503 2123 611 2167 puer
665 2108 893 2153 Dominum
927 2108 1070 2153 videre
1111 2109 1251 2153 denuo
1294 2108 1538 2153 desiderans

125 2185 361 2229 Jerusalem
389 2184 506 2237 adiit,
539 2199 668 2229 causa
701 2184 905 2229 adorandi
931 2185 975 2227 in
1001 2184 1199 2242 Templo余
1230 2191 1270 2228 et
1294 2190 1416 2228 erant
1441 2198 1538 2228 cum

126 2273 176 2304 eo
204 2260 453 2312 Warradac,
483 2261 566 2304 dux
606 2260 865 2304 exercituum
892 2266 932 2304 et
958 2259 1159 2314 Nicanor,
1202 2259 1327 2317 Regis
1353 2259 1537 2317 Dapifer,

127 2332 251 2393 pueri
277 2336 551 2394 paedagogus,
580 2336 810 2393 caeterique
828 2335 948 2379 multi
978 2335 1141 2379 nobiles
1167 2349 1275 2393 quos
1301 2334 1383 2378 illis
1401 2334 1542 2379 Admi-

127 2412 287 2455 randus
328 2411 560 2455 tradiderat
585 2412 636 2455 ad
663 2411 1006 2455 custodiendum.
1034 2410 1113 2462 Qui
1147 2424 1246 2455 cum
1272 2424 1492 2468 regressus
1520 2412 1544 2454 a

126 2487 300 2545 Templo
326 2486 394 2531 die
420 2487 604 2544 quadam
621 2487 819 2541 Domino,
849 2486 1078 2530 revertenti
1095 2500 1120 2530 a
1146 2485 1351 2530 Bethania
1377 2485 1449 2529 ubi
1468 2485 1543 2529 La-

128 2576 275 2607 zarum
301 2561 643 2616 resuscitaverat,
682 2562 794 2606 inter
833 2562 970 2606 valvas
1003 2561 1409 2620 Hierosolymitanas
1437 2574 1542 2605 con-

127 2637 359 2682 fluentibus
384 2637 576 2696 undique
611 2638 750 2682 turbis
791 2637 1046 2692 innumeris,
1087 2637 1259 2682 obviare
1284 2637 1429 2681 videns
1454 2636 1540 2681 He-

127 2713 344 2758 braeorum
381 2727 552 2772 pueros,
588 2720 848 2772 caeterasque
882 2712 1074 2771 gentium
1109 2711 1539 2772 phalangesobviam
