1998 3340
1023 394 1232 434 ..53—

419 487 595 539 puntur.
627 480 800 525 Deintus
820 494 918 525 vero
946 487 1009 525 est
1040 480 1258 538 depictus;
1295 479 1450 524 deforis
1471 486 1615 524 autem
1643 480 1832 537 sculptus

419 564 458 600 et
489 556 680 614 depictus
706 555 956 600 cimborius‘
987 556 1033 599 In
1068 555 1288 600 cacumine
1315 569 1412 599 vero
1450 555 1542 611 ejus
1569 555 1727 599 deforis
1770 561 1833 598 est

418 632 612 688 quaedam
655 630 877 675 summitas
913 636 1067 684 erecta,
1096 630 1320 687 tripliciter
1345 637 1533 683 arcuata,
1564 631 1608 673 in
1635 644 1718 688 qua
1743 629 1832 673 Tri-

420 706 530 750 nitas
557 706 681 750 Deica
707 713 770 750 est
809 706 1033 763 insculpta.
1065 705 1111 748 In
1152 705 1290 762 primo
1335 719 1437 748 arcu
1464 705 1536 762 qui
1579 704 1753 762 respicit
1780 706 1831 748 ad

420 782 698 835 occidentem,
728 795 910 838 persona
938 780 1089 834 Patris,
1120 787 1182 824 est
1208 786 1372 834 erecta3
1405 787 1444 824 et
1471 779 1514 823 in
1543 781 1731 824 secundo
1758 779 1831 837 qui

421 857 596 915 respicit
620 857 730 900 inter
758 856 1001 911 meridiem,
1025 863 1066 900 et
1083 855 1292 900 orientem
1319 864 1380 900 est
1407 869 1590 913 persona
1632 855 1755 908 Filii;
1795 862 1836 898 et

419 933 461 976 in
506 932 628 976 tertio
672 945 774 976 arcu
811 932 885 990 qui
917 931 1091 989 respicit
1117 932 1169 975 ad
1198 931 1530 988 septentrionem
1557 937 1620 974 est
1646 943 1831 987 persona

420 1007 602 1065 Spiritus
644 1006 799 1052 Sancti.
855 1008 960 1051 Item
989 1020 1087 1050 vero
1130 1019 1260 1063 super
1293 1007 1403 1050 hanc
1444 1005 1731 1050 summitatem.
1774 1011 1837 1048 est

421 1096 574 1141 pomus
619 1088 861 1140 argenteus,
904 1080 1120 1135 lucifluus,
1176 1094 1305 1138 super
1345 1093 1473 1139 quem
1514 1080 1623 1125 Crux
1663 1079 1836 1138 ponitur

421 1157 623 1216 pretiosa.

841 1347 859 1389 5
877 1347 928 1379 15.
943 1363 984 1371 —-
1000 1347 1049 1379 De
1067 1345 1174 1378 tribus
1191 1344 1411 1387 lampadibus.

480 1476 586 1516 Ante
603 1471 716 1516 beati
742 1469 889 1514 Jacobi
917 1470 1064 1521 altare,
1086 1474 1171 1512 tres
1199 1480 1362 1525 magnae
1383 1468 1601 1525 lampades
1622 1472 1836 1524 argenteae

423 1549 474 1591 ad
501 1546 653 1592 Christi
680 1553 720 1590 et
744 1545 934 1603 Apostoli
961 1545 1091 1588 decus
1117 1544 1452 1601 suspenduntur.
1492 1536 1698 1585 Illa‘vero
1743 1554 1838 1598 quae

419 1624 462 1666 in
488 1622 629 1667 medio
656 1635 806 1666 earum
847 1627 911 1664 est
947 1620 1065 1663 valde
1105 1620 1255 1676 ingens
1291 1617 1488 1669 habetur,
1524 1623 1566 1660 et
1609 1616 1653 1659 in
1695 1615 1835 1672 effigie

420 1699 562 1756 magni
605 1697 841 1741 mortarioli
875 1688 1128 1739 mirabiliter
1166 1699 1368 1751 operatur
1411 1698 1573 1749 septem
1612 1691 1655 1734 in
1696 1704 1739 1734 se
1774 1704 1842 1734 re—

418 1774 636 1831 ceptacula
671 1772 909 1823 continens,
939 1770 985 1813 in
1016 1769 1155 1827 figura
1196 1775 1374 1825 septem,
1404 1767 1672 1825 premiorum
1700 1765 1835 1822 Spiri-

421 1857 486 1893 tus
528 1848 685 1901 Sancti,
715 1848 758 1890 in
784 1846 941 1904 quibus
980 1851 1142 1902 septem
1168 1842 1398 1886 luminaria
1440 1848 1692 1899 ponuntur;
1739 1854 1834 1898 quae

420 1924 579 1969 scilicet
603 1922 871 1980 receptacula
897 1920 1075 1964 minime
1101 1919 1334 1976 recipiunt,
1363 1917 1444 1961 nisi
1465 1918 1605 1960 oleum
1635 1915 1831 1969 balsami,

421 2007 494 2044 aut
519 1999 662 2058 myrti,
691 2005 764 2042 aut
789 1996 947 2049 balani,
977 2001 1050 2038 aut
1088 1993 1226 2047 olivae;
1273 1993 1410 2036 maius
1447 2006 1543 2036 vero
1584 1997 1832 2048 receptacu-

420 2077 510 2119 lum
537 2082 601 2119 est
626 2074 669 2117 in
696 2072 836 2116 medio
864 2071 1063 2114 aliorum.
1093 2069 1144 2112 Et
1170 2069 1215 2111 in
1255 2081 1515 2126 unoquoque
1559 2065 1828 2124 receptaculo

420 2166 467 2195 ex
493 2151 575 2204 his,
607 2151 681 2207 qui
707 2142 958 2192 incircuitu
995 2145 1088 2189 eius
1126 2151 1240 2198 sunt,
1278 2145 1372 2188 duae
1398 2142 1697 2199 Apostolorum
1725 2141 1833 2184 ima-

420 2227 539 2283 gines
581 2224 819 2269 forinsecus
854 2222 1123 2278 sculpuntur.
1168 2218 1319 2263 Anima
1343 2217 1541 2262 Adefonsi
1568 2216 1694 2274 Regis
1729 2216 1833 2259 Ara-

418 2300 619 2359 gonensis
646 2299 727 2356 (1),
757 2297 830 2355 qui
858 2309 968 2348 eam,
1002 2301 1049 2338 ut
1074 2294 1224 2346 fertur,
1255 2301 1400 2337 sancto
1426 2292 1585 2336 Jacobo
1614 2290 1730 2335 dedit
1766 2303 1838 2357 re.-

420 2377 611 2435 quiescat
636 2374 680 2418 in
707 2385 810 2430 pace
836 2369 1112 2428 sempiterna.

466 2557 514 2601 (1)
542 2555 730 2602 Alphonse
753 2553 785 2588 le
803 2550 1033 2587 Bataillem’.
1058 2550 1088 2584 Il
1110 2551 1260 2584 mourut
1279 2558 1324 2582 en
1344 2547 1448 2582 1134.
