1998 3340
790 365 1000 405 -41-

187 452 455 497 Dominicum
496 457 757 510 praeceptum
800 452 1170 497 commemoravit:
1217 453 1476 512 Quicumque
1515 468 1598 498 non

184 529 413 587 receperint
437 542 522 583 vos,
551 541 680 586 neque
705 528 927 571 audierint
959 541 1168 571 sermones
1194 534 1348 572 vestros
1362 543 1376 579 ‚·
1408 535 1600 574 escennles

184 607 300 662 foras
326 606 375 648 de
415 605 551 657 domo,
586 604 650 648 vel
692 604 741 647 de
775 605 961 656 civitate,
1000 605 1177 671 excutite
1199 606 1417 663 pulverem
1452 607 1500 649 de
1530 621 1600 664 pe-

185 681 308 723 dibus
354 681 515 724 vestris.
559 679 675 723 Tunc
711 680 889 723 Romam
927 680 1066 724 denuo
1107 679 1209 724 adiit
1247 680 1290 723 in
1338 695 1436 739 qua,
1476 696 1598 739 passo

187 755 310 799 beato
338 756 461 799 Petro
504 755 547 798 in
589 754 738 806 Cruce,
784 769 808 798 a
849 762 993 799 sancto
1034 755 1246 800 Clemente
1273 755 1346 813 qui
1372 755 1457 799 iam
1490 757 1601 814 Papa

185 838 277 874 erat
319 822 565 874 admonitus
607 837 668 874 est
705 836 751 874 ut
793 831 843 874 ad
887 831 1106 888 praefatum
1148 831 1300 874 urbem
1350 831 1522 886 rediret,
1561 838 1602 876 et

185 905 422 962 praedicans
474 904 694 948 Dominica
736 911 949 963 praecepta
991 905 1182 964 martyrii
1223 919 1424 949 coronam
1468 906 1510 949 in
1551 920 1601 950 ea

184 987 459 1039 exspectaret.
492 981 681 1039 Denique
708 982 758 1025 ab
796 981 888 1038 ipso
917 982 1029 1039 Papa
1053 981 1203 1025 ordine
1233 981 1469 1039 Episcopali
1504 995 1598 1025 sus-

183 1063 320 1115 cepto,
350 1070 436 1101 una
462 1070 560 1100 cum
586 1057 709 1100 beato
735 1056 949 1115 Dionysio,
980 1057 1054 1115 qui
1074 1071 1097 1100 a
1117 1056 1289 1101 Graeciae
1307 1057 1394 1101 oris
1420 1057 1597 1101 Romam

181 1133 426 1184 advenerat,
456 1131 583 1175 simul
609 1146 707 1175 cum
735 1132 899 1176 caeteris
927 1131 1132 1176 fratribus
1158 1145 1265 1189 quos
1291 1131 1382 1189 ipse
1408 1131 1598 1176 Clemens

182 1208 231 1251 ad
260 1207 582 1264 praedicandum
610 1206 788 1250 Galliam
831 1206 1057 1264 dirigebat,
1102 1206 1421 1251 Antisiodorum
1463 1221 1599 1265 usque

181 1282 387 1340 pervenit.
418 1281 481 1326 lbi
510 1281 661 1326 divinae
698 1282 932 1326 dilectionis
964 1282 1227 1339 amplexibus
1261 1283 1598 1341 lacrymosisque

181 1357 507 1402 salutationibus
533 1357 812 1411 discedentes,
844 1357 1064 1416 Dionysius
1092 1371 1190 1401 cum
1217 1357 1344 1401 sociis
1370 1357 1458 1402 suis
1486 1357 1599 1401 Pari-

184 1433 340 1477 siacam
367 1433 518 1476 urbem
544 1432 662 1486 adiit,
683 1440 724 1476 et
749 1433 898 1477 beatus
914 1433 1144 1491 Eutropius
1172 1433 1339 1476 rediens
1367 1432 1598 1477 Sanctonas

180 1508 344 1552 fortiter
378 1507 592 1551 animatus
637 1508 688 1551 ad
729 1508 999 1551 tolerantiam
1040 1508 1270 1562 Passionis,
1315 1508 1404 1552 zelo
1444 1508 1596 1553 Christi

181 1583 349 1640 plenus,
377 1588 511 1627 semet
537 1583 679 1640 ipsum
706 1583 996 1627 corroboravit
1023 1583 1167 1627 dicens
1193 1598 1201 1627 :
1237 1584 1444 1627 Dominus
1487 1584 1598 1626 mihi

181 1659 355 1703 adiutor
381 1664 439 1702 est
450 1674 468 1711 ,·
492 1672 577 1701 non
604 1658 752 1702 timebo
772 1658 877 1715 quid
903 1659 1034 1715 faciat
1065 1658 1176 1701 mihi
1202 1659 1350 1711 homo,·
1377 1658 1411 1701 si
1452 1672 1598 1715 perse-

182 1741 353 1778 cutores
380 1733 578 1777 occidunt
603 1747 775 1792 corpus,
807 1733 995 1777 animam
1030 1747 1117 1777 non
1151 1740 1331 1791 possunt
1374 1733 1594 1786 occidere;

180 1809 335 1866 pellem
374 1823 450 1866 pro
478 1809 605 1866 pelle,
651 1816 690 1851 et
729 1808 945 1862 universa,
974 1823 1071 1867 quae
1098 1809 1225 1853 habet
1251 1809 1394 1862 homo,
1424 1809 1494 1852 det
1519 1822 1597 1866 pro

179 1884 321 1928 anima
347 1898 437 1928 sua.
469 1884 588 1927 Tunc
613 1891 855 1928 constanter
873 1885 1026 1928 urbem
1047 1885 1281 1942 ingressus,
1302 1885 1414 1928 velut
1432 1897 1594 1937 amens,
1663 1876 1669 1882 ”

180 1965 420 2017 opportune
447 1958 693 2016 importune
720 1959 898 2014 instans,
930 1960 1058 2003 fidem
1084 1959 1348 2004 Dominicam
1393 1959 1595 2018 praedica-

180 2035 266 2088 bat,
297 2033 461 2079 cunctis
490 2035 718 2078 ostendens
745 2033 901 2078 Christi
942 2035 1299 2090 Incarnationem,
1330 2035 1592 2087 Passionem,

180 2109 656 2167 Resurrectionemque,
696 2110 999 2154 Ascensionem
1026 2119 1066 2154 et
1093 2118 1246 2155 caetera
1283 2125 1378 2169 quae
1411 2124 1488 2168 pro
1514 2110 1595 2153 hu-

180 2185 294 2228 mani
322 2184 491 2242 generis
519 2185 654 2229 salute
697 2185 842 2229 subire
884 2186 1086 2243 dignatus
1121 2193 1196 2230 est.
1242 2186 1292 2230 Et
1330 2186 1431 2244 quia
1470 2199 1595 2229 nemo

180 2266 320 2317 potest
345 2260 525 2304 introire
549 2260 593 2303 in
620 2274 801 2318 regnum
828 2261 920 2315 Dei,
958 2261 1041 2305 nisi
1068 2262 1164 2319 quis
1190 2268 1365 2306 renatus
1392 2261 1520 2305 fuerit
1547 2253 1602 2305 ex*

180 2349 292 2393 aqua
318 2341 360 2379 et
386 2334 546 2392 Spiritu
565 2335 733 2390 Sancto,
773 2336 975 2380 omnibus
1001 2338 1142 2395 palam
1168 2337 1428 2382 insinuabat.
1460 2337 1594 2380 Mora-

180 2411 307 2454 batur
333 2410 462 2454 etiam
488 2418 611 2456 nocte
636 2411 681 2454 in
708 2411 885 2469 praefato
913 2412 1085 2469 tugurio
1112 2413 1222 2457 sicut
1247 2413 1381 2470 prius.
1422 2412 1497 2456 Illo
1517 2412 1596 2455 ita-

180 2499 264 2543 que
290 2485 565 2543 praedicante,
597 2486 739 2531 statim
765 2487 906 2531 divina
933 2488 1069 2544 gratia
1095 2489 1146 2532 de
1173 2502 1303 2546 super
1329 2488 1592 2540 adveniente,

181 2560 302 2604 multi
330 2561 509 2618 gentiles
534 2562 579 2605 in
605 2563 710 2606 urbe
736 2563 788 2606 ab
816 2576 866 2606 eo
893 2563 1179 2620 baptizantur,
1209 2564 1321 2608 inter
1346 2577 1454 2622 quos
1479 2577 1596 2621 quae-

181 2636 279 2679 dam
305 2636 499 2681 eiusdem
525 2637 645 2681 urbis
672 2637 798 2695 Regis
826 2637 927 2692 filia,
971 2639 1145 2683 nomine
1190 2640 1392 2693 Eustella,
1435 2639 1596 2696 baptis-

181 2710 305 2756 matis
346 2712 462 2757 unda
504 2719 786 2770 regeneratur
799 2728 809 2767 3
855 2714 968 2772 quod
1013 2720 1059 2758 ut
1100 2722 1220 2773 pater
1260 2715 1352 2759 eius
1408 2714 1593 2772 agnovit,
