1998 3340
742 362 950 403 —39-

143 462 295 507 magno
324 448 540 506 triumpho
567 447 807 492 ascendisse
834 448 1066 500 didicisset,
1100 449 1219 492 valde
1245 448 1370 506 caepit
1395 449 1546 494 laetari.

143 525 319 569 Demum
345 523 412 568 die
433 525 714 577 Pentecostes,
737 523 968 569 Dominicis
994 524 1221 582 Discipulis
1240 524 1439 579 sociatus,
1460 526 1551 569 dili-

142 607 291 656 genter
329 599 382 643 ab
428 598 488 643 eis
526 598 686 652 didicit,
732 599 912 656 qualiter
961 598 1143 657 Spiritus
1184 598 1362 643 Sanctus
1399 600 1555 657 linguis

142 674 277 732 igneis
319 687 450 732 super
485 674 579 717 illos
614 674 906 727 descenderat,
942 688 1093 718 eorum
1135 674 1263 717 corda
1300 675 1553 731 repleverat,

143 749 421 806 omniumque
470 749 714 806 linguarum
752 763 906 806 genere
947 749 1040 793 illos
1084 750 1300 793 docuerat.
1352 749 1553 806 Repletus

143 823 309 882 Spiritu
342 825 506 877 Sancto,
536 823 790 882 Babylonem
819 824 969 877 rediit;
1015 831 1055 867 et
1095 838 1202 881 quos
1243 824 1287 868 in
1328 838 1378 869 ea
1416 825 1554 882 patria

141 900 308 944 Judaeos
357 899 531 957 reperit,
577 907 751 957 propter
800 899 908 953 illos,
962 898 1033 957 qui
1077 899 1412 957 Hierosolymam
1454 914 1555 944 nece

142 975 370 1018 Dominum
413 976 731 1029 damnaverant,
779 976 868 1019 zelo
917 974 1153 1019 dilectionis
1194 974 1348 1018 Christi
1390 975 1554 1020 fervens

140 1051 282 1108 gladio
304 1051 500 1108 peremit.
531 1051 636 1094 Item
663 1057 874 1095 transacto
902 1059 1094 1109 tempore
1121 1050 1287 1109 exiguo,
1324 1051 1556 1096 Dominicis

138 1126 363 1184 Discipulis
390 1127 556 1170 diversa
581 1126 711 1170 cosmi
740 1126 908 1170 climata
933 1126 1206 1179 adeuntibus,
1245 1128 1329 1170 duo
1357 1127 1552 1171 candela-

139 1201 216 1244 bra
243 1215 388 1255 aurea,
417 1201 501 1244 fide
527 1201 749 1258 fulgentia,
779 1201 919 1245 divina
946 1201 1199 1258 disponente
1225 1201 1375 1258 gratia,
1406 1201 1551 1246 Simon

140 1275 299 1324 scilicet
345 1283 382 1319 et
418 1276 671 1328 Thaddaeus,
709 1276 895 1333 Apostoli
921 1275 1105 1329 Domini,
1149 1276 1365 1320 Persidem
1406 1277 1555 1321 directi

141 1359 262 1404 sunt;
295 1351 368 1409 qui
394 1365 492 1395 cum
519 1351 776 1410 Babylonem
804 1351 982 1408 ingressi
1026 1358 1182 1402 essent,
1228 1351 1371 1395 eiectis
1399 1366 1422 1395 a
1458 1352 1554 1395 fini·

139 1425 218 1470 bus
243 1425 326 1469 illis
352 1426 607 1483 quibusdam
635 1426 770 1483 magis
789 1427 965 1480 Zaroen,
996 1433 1036 1470 et
1062 1427 1243 1481 Arfaxat,
1274 1426 1347 1484 qui
1373 1427 1554 1484 populos

139 1501 228 1545 suis
252 1501 371 1545 vanis
396 1501 683 1545 locutionibus
712 1508 752 1545 et
777 1501 908 1558 signis
942 1515 965 1545 a
1002 1501 1085 1545 fide
1112 1502 1370 1554 avertebant,
1418 1503 1552 1559 Apos-

138 1576 210 1620 toli
235 1576 331 1621 vitae
354 1583 537 1620 aeternae
564 1577 728 1620 semina
762 1576 925 1620 cunctis
963 1585 1202 1634 erogantes,
1246 1577 1552 1621 miraculorum

139 1651 339 1696 omnihus
383 1651 613 1709 generibus
658 1665 887 1696 coruscare
929 1658 1161 1709 caeperunt.
1213 1652 1332 1696 Tunc
1382 1659 1552 1696 sanctus

138 1741 246 1784 puer
271 1727 504 1784 Eutropius
534 1727 584 1770 de
610 1726 783 1771 illorum
812 1727 993 1771 adventu
1024 1727 1194 1784 gavisus
1220 1727 1378 1784 Regem
1406 1728 1552 1770 admo-

136 1801 277 1856 nebat,
327 1808 374 1845 ut
411 1815 560 1845 errore
609 1802 832 1859 gentilium
875 1809 914 1846 et
955 1802 1170 1846 idolorum
1213 1802 1377 1856 relicto,
1422 1802 1549 1846 fidem

137 1876 417 1922 Christianam
444 1877 622 1930 subiret,
649 1891 727 1935 per
763 1891 890 1935 quam
935 1878 1131 1935 polorum
1157 1891 1335 1935 regnum
1371 1877 1549 1935 adipisci

138 1958 391 1997 mereretur.
421 1952 528 2004 Quid
555 1953 681 2010 plura
696 1953 717 1996 ‘2
743 1953 858 1996 Illico
876 1953 1086 2011 Apostolis
1112 1952 1445 2010 praedicantibus
1465 1953 1549 1996 Rex

138 2035 178 2071 et
194 2027 308 2071 filius
328 2027 436 2080 eius,
457 2041 554 2071 cum
571 2027 716 2071 multis
734 2027 909 2072 caetibus
930 2027 1085 2072 civium
1104 2027 1347 2085 Babylonis,
1366 2041 1443 2085 per
1460 2041 1548 2071 ma-

138 2117 218 2147 nus
244 2104 492 2147 eorumdem
520 2103 818 2160 Apostolorum
844 2103 1109 2160 baptismatis
1132 2103 1268 2160 gratia
1287 2116 1547 2159 regeneran-

138 2184 222 2222 tur.
241 2178 433 2236 Denique
451 2192 652 2222 conversa
670 2185 755 2221 tota
776 2178 885 2222 urbe
901 2179 953 2221 ad
970 2178 1098 2222 fidem
1118 2178 1398 2232 Dominicam,
1419 2180 1551 2223 eccle-

136 2254 242 2297 siam
268 2267 366 2297 cum
392 2253 588 2297 omnibus
614 2253 818 2310 gradibus
845 2253 933 2297 suis
958 2253 1145 2310 Apostoli
1171 2253 1469 2307 instituerunt;
1507 2262 1548 2298 et

137 2328 312 2372 Abdiam
338 2330 477 2372 virum
503 2329 801 2373 fidelissimum
828 2328 1068 2386 evangelica
1101 2328 1293 2372 doctrina
1333 2329 1546 2373 imbutum

135 2417 262 2461 quem
292 2417 436 2447 secum
463 2418 487 2447 a
513 2403 910 2463 Hierosolymitanis
946 2403 1032 2447 oris
1059 2405 1335 2457 adduxerant,
1376 2404 1548 2448 Antitis-

135 2485 220 2522 tem
248 2492 379 2536 super
403 2479 685 2523 Christianam
711 2479 894 2537 plebem,
927 2487 967 2522 et
993 2478 1246 2537 Eutropium
1273 2477 1548 2522 Archidiaco-

135 2567 232 2597 nem
249 2553 579 2606 ordinaverunt3
608 2562 649 2598 et
664 2554 843 2613 profecti
870 2560 969 2598 sunt
987 2554 1032 2597 in
1052 2554 1145 2598 aliis
1162 2554 1343 2598 urbibus
1369 2553 1547 2597 verbum

136 2629 206 2673 Dei
233 2629 518 2686 praedicando.
548 2629 625 2681 Qui
654 2644 752 2674 cum
795 2643 882 2674 non
907 2636 1003 2687 post
1029 2630 1185 2673 multos
1211 2629 1300 2674 dies
1326 2642 1404 2686 per
1429 2642 1546 2672 mar-

133 2703 230 2762 tyrii
272 2704 563 2765 triumphum.
584 2705 684 2750 alibi
709 2711 965 2764 praesentem
991 2705 1118 2750 vitam
1156 2712 1543 2759 consummassent,
