1998 3340
985 325 1193 365 -24-

381 412 538 456 solaria
579 412 660 456 hoc
701 412 851 456 ordine
911 411 1151 455 habentur:
1195 411 1331 461 Aries,
1383 412 1566 466 Taurus,
1611 410 1793 464 Gemini,

381 488 555 540 Cancer,
586 488 683 541 Leo,
709 487 851 545 Virgo,
882 487 1023 541 Libra,
1053 487 1244 544 Scorpio,
1281 487 1547 545 Sagittarius,
1575 486 1797 545 Capricor-

383 577 478 616 nus,
508 563 721 620 Aquarius
749 570 790 606 et
824 562 992 615 Pisces;
1021 569 1062 605 et
1086 576 1163 619 per
1189 563 1378 607 medium
1404 562 1576 606 illorum
1602 569 1701 606 sunt
1725 576 1799 605 au-

382 638 442 681 rei
470 637 597 681 ssores
624 638 667 680 in
695 637 788 681 vitis
818 637 972 694 effigie.
1005 637 1052 680 In
1079 638 1300 694 superiore
1327 652 1512 696 namque
1537 639 1672 694 gradu
1718 644 1799 681 ter-

383 713 438 755 lio
465 712 690 756 duodecim
718 712 926 769 imagines
949 712 1092 770 viginti
1115 719 1299 770 quatuor
1318 713 1544 757 Seniorum
1564 713 1794 766 habentur,

384 788 448 831 liis
475 788 667 847 versibus
694 802 826 846 super
851 802 1003 831 eorum
1030 788 1168 845 capita
1194 788 1392 847 scriptis:

619 912 711 947 Ecce
732 913 868 947 chorus
888 913 1088 958 splendens
1108 913 1301 948 seniorum
1319 913 1372 948 bis
1393 913 1601 957 duodenus,

617 971 751 1005 Dulcia
774 972 838 1016 qui
859 972 1017 1007 citharis
1038 972 1243 1006 decantant
1262 973 1409 1007 cantica
1426 973 1554 1007 claris.

446 1108 490 1150 ln
519 1107 694 1150 dextrali
723 1121 819 1150 vero
846 1113 982 1164 parte,
1015 1105 1153 1165 primo
1180 1107 1332 1163 gradu,
1363 1106 1557 1150 similiter
1583 1113 1680 1150 sunt
1707 1106 1801 1150 aliae

385 1190 546 1239 septem
574 1182 796 1238 imagines,
842 1196 1026 1239 quarum
1062 1196 1131 1225 sex
1158 1182 1459 1238 Apostolorum
1487 1188 1598 1235 sunt,
1629 1189 1670 1226 et
1710 1196 1805 1240 sep-

386 1260 490 1301 tima
518 1258 743 1301 cuiuslibet
760 1257 914 1302 Christi
942 1257 1140 1314 discipuli
1166 1264 1252 1309 est,
1275 1258 1343 1300 sed
1373 1265 1414 1301 et
1440 1271 1571 1314 super
1589 1258 1805 1315 Apostolo-

386 1348 480 1377 rum
512 1334 650 1390 capita
679 1333 869 1385 virtutes,
908 1347 1004 1390 quae
1030 1333 1204 1376 fuerunt
1240 1332 1284 1375 in
1310 1332 1371 1376 eis
1409 1332 1453 1375 in
1479 1339 1662 1390 utroque
1695 1347 1806 1378 arcae

388 1407 519 1451 latere
551 1408 594 1450 in
638 1407 776 1464 effigie
816 1407 1010 1450 mulieris
1037 1407 1321 1464 sculpuntur:
1352 1407 1596 1464 Benignitas
1624 1407 1802 1461 scilicet,

388 1483 681 1534 Mansuetudo‚
713 1483 850 1536 Fides,
881 1484 998 1540 Spes,
1030 1482 1235 1535 Charitas,
1266 1483 1422 1526 etc.·ln
1451 1484 1638 1527 secundo
1667 1484 1803 1540 gradu

388 1560 562 1602 dextrali
584 1560 712 1602 flores
739 1559 872 1602 instar
890 1559 982 1601 vitis
1009 1558 1141 1601 vineae
1169 1559 1437 1615 sculpuntur.
1460 1559 1506 1601 In
1526 1558 1650 1602 tertio
1670 1559 1807 1615 gradu

391 1635 623 1692 superiori,
653 1635 761 1677 sicut
799 1634 842 1677 in
877 1633 1050 1693 sinistra
1091 1641 1226 1691 parte,
1258 1634 1466 1691 imagines
1492 1633 1719 1678 duodecim
1745 1633 1805 1676 vi-

391 1710 497 1766 ginti
526 1717 710 1767 quatuor
737 1709 978 1762 Seniorum,
1010 1709 1076 1752 his
1104 1709 1324 1753 versiculis
1341 1723 1472 1767 super
1492 1722 1643 1752 eorum
1671 1708 1810 1766 capita

370 1785 577 1843 scriptis,
609 1786 785 1842 sculptae
821 1785 1067 1828 habentur:

578 1906 656 1940 Hoc
675 1917 740 1939 vas
758 1904 950 1949 cqrefsium
974 1904 1145 1949 (seminis,
1165 1915 1334 1950 auroque
1349 1904 1529 1949 politum,

626 1964 839 2010 Relliquias
855 1964 977 1999 sancti
996 1964 1159 1999 continet
1176 1964 1337 2009 AEqidii.

582 2025 688 2067 Quod
709 2024 774 2070 qui
791 2026 960 2069 franyct,
984 2035 1070 2058 eum
1088 2023 1273 2058 Dominus
1292 2023 1501 2058 maledicat
1515 2024 1556 2059 in
1574 2035 1708 2067 aevzcm,

627 2084 806 2129 AEssicli'zcs
822 2083 987 2129 pariter,
1010 2086 1164 2117 cunctus
1184 2086 1219 2117 et
1240 2083 1340 2118 Ordo
1357 2094 1476 2119 sacer.

455 2223 581 2265 Tecta
608 2234 718 2264 arcae
738 2221 924 2276 desuper
954 2233 1001 2263 ex
1020 2226 1203 2277 utraque
1230 2225 1348 2276 parte
1375 2218 1418 2261 in
1440 2217 1617 2261 modum
1643 2231 1813 2275 squam-

396 2311 563 2341 marum
605 2296 789 2353 vpiscium
842 2302 1077 2352 operantur
1090 2310 1100 2348 3
1137 2295 1180 2338 in
1207 2294 1427 2339 cacumine
1453 2308 1552 2337 vero
1580 2292 1673 2337 eius
1715 2299 1816 2337 sunt

396 2376 583 2431 profecto
612 2371 817 2415 tredecim
843 2371 1006 2428 lapides
1042 2369 1272 2429 crystallini
1301 2369 1432 2423 infixi,
1462 2369 1532 2413 alii
1561 2369 1605 2412 in
1639 2370 1814 2413 modum

396 2462 671 2506 scaquorum‚
715 2446 786 2490 alii
812 2446 857 2488 in
892 2446 1068 2489 modum
1097 2446 1309 2489 malorum
1336 2445 1401 2488 vel
1436 2445 1813 2502 millegranorum3

397 2538 482 2568 una
498 2523 721 2581 crystallus
738 2528 800 2565 est
814 2521 964 2578 ingens
982 2522 1027 2564 in
1046 2522 1222 2565 modum
1234 2519 1378 2577 magni
1397 2520 1538 2576 piscis,
1553 2526 1722 2563 trosteae
1741 2519 1817 2563 sci-

398 2600 508 2652 licet,
532 2604 716 2650 erectus,
738 2597 875 2640 cauda
892 2610 1013 2640 versa
1030 2597 1282 2640 desursum:
1306 2595 1444 2653 prima
1461 2595 1620 2653 quippe
1641 2595 1817 2653 crystal—

399 2676 462 2718 lus
481 2674 614 2717 instar
635 2686 800 2729 magnae
823 2673 916 2716 ollae
935 2671 1083 2737 ingens
1104 2671 1300 2725 habetur,
1324 2684 1452 2728 super
1471 2684 1601 2729 quam
1619 2683 1722 2714 crux
1738 2683 1817 2714 au-
