1998 3340
735 329 941 367 —1‘1—

137 420 330 458 sanctum
367 413 571 458 Jacohum
612 414 940 472 proficiscentes,
971 417 1126 459 evitare
1165 419 1362 460 studeant
1395 420 1447 462 ad
1476 419 1540 461 bi-

137 488 319 532 bendum
361 502 457 545 quae
494 495 592 533 sunt
628 489 836 544 lethifera,
865 498 906 533 et
937 491 1093 547 eligere
1121 492 1283 535 valeant
1308 506 1404 549 quae
1442 500 1543 537 sunt

136 575 237 606 sana
263 562 342 606 sibi
370 564 419 606 ad
448 563 695 607 bibendum.

133 816 231 860 CAP.
269 805 369 861 VH(
389 844 446 849 -—
477 818 536 862 De
569 819 812 862 nominibus
839 825 1051 863 terrarum
1076 825 1113 862 et
1139 819 1420 876 qualitatibus
1445 833 1542 876 qen-

295 893 418 946 tz'um,
447 906 539 950 quoe
565 894 613 937 in
641 894 791 937 itinere
823 894 958 938 sancti
982 894 1124 937 Jacobi
1151 894 1375 937 habentur,

193 1042 239 1085 In
266 1043 377 1086 beati
403 1044 548 1088 Jacobi
588 1044 758 1099 viatico,
784 1044 849 1088 via
876 1044 1034 1088 scilicet
1067 1045 1288 1098 Tolosana,
1326 1045 1540 1102 primitus,

133 1118 310 1161 transito
351 1118 525 1162 flumine
565 1119 746 1171 Garona,
785 1119 998 1163 invenitur
1032 1121 1154 1163 tellus
1197 1120 1455 1173 Gasconica3
1501 1128 1542 1164 et

133 1193 297 1246 exinde,
327 1194 515 1237 transitis
548 1195 742 1251 portibus
778 1195 940 1252 Asperi,
979 1201 1092 1238 terra
1127 1195 1340 1252 Aragoni3
1381 1203 1421 1239 et
1446 1196 1544 1240 inde

133 1267 418 1314 Navarrorum
443 1269 566 1312 tellus
592 1283 727 1326 usque
754 1271 804 1312 ad
832 1277 1000 1327 pontem
1028 1271 1149 1326 Argae
1175 1276 1216 1312 et
1240 1269 1351 1312 ultra
1380 1269 1461 1325 (1).

192 1342 271 1386 Per
308 1343 519 1387 tramitem
548 1357 647 1387 vero
688 1351 889 1400 portuum
925 1344 1093 1397 Ciserae,
1137 1350 1234 1401 post
1269 1344 1540 1397 Turonicam‚

132 1417 345 1461 invenitur
371 1418 540 1467 habilis,
571 1425 611 1461 et
634 1418 810 1475 optima,
841 1426 881 1462 et
901 1419 1016 1462 omni
1043 1419 1239 1462 felicitate
1266 1421 1391 1476 plena
1419 1419 1543 1462 tellus

134 1492 416 1537 Pictavorum.
462 1493 614 1537 Pictavi
646 1500 745 1537 sunt
771 1494 923 1537 heroes
960 1494 1087 1537 fortes
1114 1501 1154 1537 et
1178 1494 1256 1536 viri
1298 1494 1539 1547 bellatores,

133 1567 316 1611 arcubus
354 1575 395 1610 et
420 1567 582 1625 sagittis
620 1575 662 1611 et
698 1569 856 1611 lanceis
883 1568 927 1610 in
953 1568 1064 1611 bello
1098 1568 1345 1616 doctissimi,
1375 1567 1418 1610 in
1443 1567 1532 1611 acie

134 1640 244 1695 freti,
287 1642 331 1684 in
371 1642 568 1686 cursibus
604 1642 874 1696 velocissimi,
912 1642 954 1684 in
990 1649 1101 1685 veste
1142 1641 1321 1694 venusti,
1351 1642 1395 1684 in
1434 1642 1542 1685 facie

137 1717 346 1773 praeclari,
376 1717 420 1760 in
445 1717 584 1761 verbis
610 1717 754 1771 astuti,
785 1717 828 1760 in
854 1716 1031 1774 premiis
1058 1716 1304 1773 largissimi,
1333 1716 1376 1759 in
1404 1716 1545 1772 bospi-

135 1791 248 1835 tibus
273 1791 457 1849 prodigi.
489 1792 606 1845 Inde,
636 1793 759 1836 tellus
786 1791 1137 1836 Sanctonensium
1164 1791 1388 1835 invenitur.
1424 1791 1541 1845 Inde,

134 1868 312 1912 transito
339 1869 524 1926 quodam
562 1869 692 1912 maris
735 1869 909 1913 brachio
950 1877 990 1913 et
1015 1869 1191 1912 flumine
1228 1867 1408 1921 Garona,
1440 1868 1544 1911 Bur-

135 1943 427 2000 degalensium
454 1944 578 1987 tellus
601 1958 611 1997 ;
655 1958 750 2002 quae
776 1944 872 1987 vino
899 1945 1059 2001 optimo
1087 1951 1127 1987 et
1153 1943 1339 2000 piscibus
1377 1943 1541 1996 fertilis,

136 2019 209 2061 sed
244 2016 388 2074 lingua
429 2017 588 2061 rustica
625 2018 822 2061 habetur.
861 2018 1166 2062 Sanctonenses
1208 2017 1351 2074 lingua
1388 2017 1546 2061 rustica

135 2092 364 2143 habentur,
394 2093 465 2136 sed
495 2093 816 2149 Burdigalenses
832 2093 1077 2136 rusticiores
1104 2093 1410 2150 approbantur.
1444 2092 1545 2134 lnde

136 2166 469 2224 Burdegalenses
497 2168 630 2211 landae
657 2167 808 2211 itinere
835 2167 1001 2211 dierum
1027 2167 1176 2220 trium,
1211 2167 1331 2210 fessis
1368 2166 1542 2218 scilicet,

137 2242 380 2286 invenitur:
423 2242 516 2298 ipsa
541 2250 605 2286 est
630 2243 754 2286 tellus
781 2242 898 2285 omni
926 2243 1037 2286 bono
1078 2243 1280 2295 desolata,
1315 2254 1423 2298 pane
1450 2240 1545 2284 vino

138 2330 265 2360 carne
297 2316 488 2374 piscibus
513 2317 634 2375 aquis
660 2324 700 2361 et
737 2317 923 2361 fontibus
950 2332 1094 2370 vacua,
1123 2316 1229 2359 villis
1258 2330 1372 2368 rara,
1401 2315 1542 2372 plana,

138 2392 350 2445 sabulosa,
385 2392 507 2435 melle
534 2398 677 2435 tamen
711 2399 753 2435 et
777 2391 894 2434 milio
924 2398 964 2434 et
1000 2391 1167 2449 panicio
1200 2397 1240 2434 et
1281 2389 1457 2447 grugnis
1485 2390 1545 2445 (1)

186 2547 236 2593 (1)
254 2548 304 2582 La
324 2547 496 2591 Navarre,
519 2547 624 2593 apres
649 2547 810 2582 Tiermas
835 2547 1010 2593 jusqu'au
1030 2547 1110 2582 dela
1129 2547 1173 2582 de
1191 2546 1544 2590 Puente-la-Reyna‚

139 2621 202 2645 sur
221 2611 356 2656 l'Arga,
378 2613 478 2645 entre
496 2610 611 2645 Viana
630 2614 665 2646 et
680 2611 861 2656 Logrofio.

186 2670 237 2714 (2)
261 2670 372 2704 Poros
388 2669 407 2704 a
424 2668 516 2703 bois.
