1998 3340
733 364 941 403 -15—

133 455 291 500 Galliae.
337 455 383 498 In
424 452 666 497 summitate
716 464 813 493 vero
857 449 1047 493 eiusdem
1090 447 1247 491 montis
1298 454 1361 491 est
1402 447 1536 501 locus,

135 530 244 587 quod
288 529 441 573 dicitur
474 529 591 573 Crux
618 525 778 578 Caroli,
822 524 920 581 quia
947 537 1076 580 super
1102 523 1220 566 illum
1254 522 1473 566 securibus
1500 529 1540 565 et

134 604 320 648 dolabris
360 611 400 647 et
444 601 633 646 fossoriis
668 600 918 657 caeterisque
957 598 1193 642 manubriis
1229 596 1401 640 Carolus
1442 610 1539 640 cum

134 679 222 724 suis
265 679 517 722 exercitibus
557 677 600 719 in
643 675 890 732 Hispaniam
942 686 1124 731 pergens
1173 671 1273 715 olim
1328 671 1539 714 tramitem

134 754 246 806 fecit,
276 753 531 811 signumque
561 750 793 794 Dominicae
831 749 968 793 crucis
996 747 1114 805 prius
1140 746 1184 790 in
1210 760 1259 790 eo
1286 746 1472 799 elevavit,
1503 753 1542 789 et

135 830 303 872 tandem
344 815 460 871 flexis
503 826 682 883 genibus
724 838 868 868 versus
907 822 1144 867 Gallaeciam
1188 822 1271 865 Deo
1313 828 1354 864 et
1398 827 1542 864 sancto

133 903 289 948 Jacobo
326 915 494 960 precem
530 901 666 953 fudit;
704 906 980 957 quapropter,
1026 896 1257 955 peregrini,
1294 909 1434 953 genua
1468 909 1544 939 sua

136 979 195 1022 ibi
236 985 458 1022 curvantes
501 989 648 1020 versus
698 975 830 1019 sancti
881 973 1024 1018 Jacobi
1075 972 1276 1030 patriam,
1327 985 1376 1014 ex
1423 983 1543 1013 more

137 1062 282 1109 orant,
303 1061 343 1098 et
370 1053 524 1110 singuli
551 1052 716 1109 singula
743 1051 889 1095 vexilla
914 1049 1138 1094 dominicae
1173 1048 1318 1092 Crucis
1344 1047 1542 1104 infigunt.

137 1130 245 1174 Mille
289 1129 416 1172 etiam
458 1141 605 1171 cruces
651 1127 709 1170 ibi
752 1132 929 1184 possunt
977 1124 1173 1178 inveniri,
1217 1124 1330 1166 unde
1379 1122 1545 1180 primus

136 1205 254 1248 locus
280 1203 483 1248 orationis
509 1203 640 1246 sancti
666 1202 809 1245 Jacobi
836 1201 894 1244 ibi
914 1200 1109 1244 habetur.
1135 1199 1183 1242 In
1209 1199 1357 1242 eodem
1384 1204 1543 1249 monte,

137 1287 365 1337 antequam
393 1277 676 1322 christianitas
711 1276 755 1319 in
781 1276 867 1319 oris
894 1274 1133 1332 Hispanicis
1160 1274 1210 1317 ad
1237 1273 1412 1331 plenum
1438 1285 1542 1328 aug-

137 1361 417 1406 mentaretur,
448 1352 623 1396 Navarri
643 1351 763 1408 impii
789 1358 830 1394 et
847 1350 981 1394 Bascli
1007 1349 1258 1407 peregrinos
1277 1348 1328 1391 ad
1355 1354 1547 1391 sanctum

137 1429 342 1473 jacobum
369 1435 594 1485 pergentes
619 1440 706 1470 non
732 1426 869 1469 solum
896 1423 1151 1482 depraedari,
1180 1436 1328 1467 verum
1355 1422 1482 1466 etiam
1502 1427 1549 1464 ut

139 1504 280 1548 asinos
309 1503 501 1561 equitare
527 1509 567 1546 et
596 1501 809 1559 perimere
836 1500 1042 1544 solebant.
1071 1499 1194 1543 Juxta
1225 1512 1324 1542 vero
1357 1504 1547 1540 montem

139 1579 275 1632 illum,
304 1592 450 1622 versus
477 1577 635 1621 scilicet
661 1576 1010 1634 septentrionem,
1041 1583 1102 1618 est
1128 1573 1246 1617 vallis
1272 1586 1368 1630 quae
1392 1572 1547 1616 dicitur

138 1654 264 1697 Vallis
290 1653 424 1696 Caroli
454 1652 532 1709 (1),
561 1652 605 1695 in
631 1666 715 1710 qua
740 1651 980 1708 hospitatus
1007 1650 1085 1693 fuit
1110 1649 1224 1693 idem
1250 1648 1420 1693 Carolus
1448 1660 1545 1690 cum

140 1731 229 1772 suis
256 1727 525 1781 exercitibus,
554 1728 724 1785 quando
744 1733 1002 1784 pugnatores
1028 1725 1073 1768 in
1101 1724 1264 1768 Runcia
1290 1724 1395 1766 valle
1422 1721 1548 1765 occisi

137 1804 286 1855 suere;
332 1816 409 1859 per
452 1816 578 1860 quam
633 1802 760 1845 etiam
809 1800 1025 1858 peregrini
1078 1799 1203 1843 multi
1256 1799 1309 1842 ad
1355 1804 1549 1841 sanctum

140 1878 346 1922 Jacobum
373 1879 590 1921 tendentes
615 1883 851 1927 transeunt,
872 1877 1062 1919 nolentes
1088 1881 1278 1918 montem
1298 1874 1542 1917 ascendere.

142 1953 290 1997 Postea
316 1966 412 1996 vero
439 1953 481 1995 in
509 1952 784 1996 descensione
810 1951 999 1995 eiusdem
1026 1949 1182 1993 montis
1208 1948 1422 1991 invenitur
1452 1948 1550 1991 hos-

141 2029 268 2086 pitale
293 2036 333 2072 et
359 2028 550 2080 ecclesia,
580 2028 622 2069 in
664 2041 746 2083 qua
777 2034 841 2069 est
865 2033 1088 2083 petronus,
1126 2038 1254 2081 quem
1290 2023 1550 2066 Rotolandus

141 2104 267 2146 heros
294 2103 628 2159 potentissimus,
659 2101 807 2159 spatha
825 2115 916 2154 sua,
947 2115 970 2144 a
996 2113 1164 2144 summo
1191 2112 1328 2156 usque
1350 2099 1549 2141 deorsum

144 2193 220 2235 per
260 2179 445 2221 medium
481 2179 591 2220 trino
628 2178 710 2220 ictu
737 2177 873 2219 scidit.
918 2176 1075 2219 Deinde
1119 2174 1329 2217 invenitur
1366 2172 1550 2216 Runcia-

143 2255 258 2296 vallis
301 2253 380 2310 (Ξ),
429 2255 542 2295 locus
578 2253 736 2295 scilicet
771 2265 854 2308 quo
889 2251 1045 2293 bellum
1075 2263 1275 2306 magnum
1321 2249 1421 2291 olim
1468 2247 1548 2290 fuit

145 2329 316 2376 factum,
358 2329 400 2370 in
426 2343 509 2385 quo
538 2342 608 2370 rex
649 2327 864 2377 Marsirus,
895 2335 930 2368 et
962 2326 1237 2377 Rotolandus‚
1268 2330 1307 2366 et
1345 2322 1548 2373 Oliverus‚

145 2413 185 2446 et
225 2404 292 2446 alii
339 2412 595 2460 pugnatores
637 2415 714 2446 CXL
755 2401 940 2443 millibus
974 2399 1306 2443 christianorum
1347 2398 1472 2440 simul
1512 2404 1552 2439 et

144 2491 468 2522 sarracenorum
496 2477 622 2521 occisi
648 2477 782 2520 fuere.

189 2598 239 2642 (l)
265 2597 463 2632 Valcarlos.

193 2658 241 2699 (2)
267 2657 496 2691 RonceVaUx‘.
523 2675 564 2680 —
594 2654 646 2689 Cf.
667 2664 717 2688 un
737 2652 864 2687 article
885 2651 934 2685 (lu
954 2651 1078 2696 prince
1096 2650 1301 2694 Bonaparte
1321 2647 1409 2681 dans
1430 2646 1552 2680 l’Aca-

145 2714 255 2759 demy
273 2714 322 2749 du
343 2715 384 2748 17
400 2713 519 2758 juillet
539 2712 642 2747 1880.
