1998 3340
1077 379 1284 419 -16-

534 466 630 511 Post
670 466 781 510 hanc
821 465 969 509 vallem
1012 465 1226 510 invenitur
1274 465 1398 509 tellus
1437 463 1743 516 Navarrorum,
1787 475 1883 519 quae

474 541 569 586 felix
595 555 702 599 pane
729 548 769 584 et
792 540 903 593 vino,
933 541 1039 584 lacte
1071 547 1111 584 et
1139 540 1362 597 pecoribus
1397 538 1594 581 habetur.
1634 536 1810 581 Navarri
1838 542 1880 580 et

475 617 606 661 Bascli
634 616 762 660 unius
802 615 1090 659 similitudinis
1116 623 1157 659 et
1182 614 1409 673 qualitatis,
1440 613 1485 655 in
1511 612 1615 656 cibis
1652 611 1811 656 scilicet
1839 618 1880 654 et

475 692 659 736 vestibus
688 698 727 735 et
762 691 907 748 lingua
932 690 1175 742 habentur;
1214 690 1286 733 sed
1313 687 1448 732 Bascli
1486 687 1592 731 facie
1617 686 1886 730 candidiores

475 767 673 813 Navarris
715 766 1021 823 approbantur.
1068 764 1239 809 Navarri
1292 763 1444 821 pannis
1492 761 1626 819 nigris
1671 768 1711 804 et
1752 761 1885 805 curtis

475 856 612 901 usque
639 842 690 885 ad
717 855 856 898 genua
875 840 1184 892 tantummodo,
1214 840 1466 883 Scothorum
1496 850 1629 890 more,
1651 836 1888 880 induuntur

477 925 517 962 et
565 915 840 970 sotularibus,
886 930 992 973 quos
1043 916 1232 959 lavarcas
1284 920 1445 966 vocant,
1492 913 1543 956 de
1592 911 1727 969 piloso
1771 910 1887 955 corio

479 992 639 1036 scilicet
674 1005 759 1034 non
795 990 984 1034 confecto
1017 990 1163 1043 factas,
1210 988 1418 1046 corrigiis,
1461 987 1573 1031 circa
1607 987 1760 1044 pedem
1792 986 1887 1029 alli-

478 1074 610 1126 gatas,
641 1066 794 1123 plantis
820 1067 979 1123 pedum
1006 1065 1274 1109 solummodo
1301 1062 1513 1115 involutis,
1544 1061 1716 1105 basibus
1743 1061 1885 1114 nudis,

481 1149 676 1186 utuntur.
715 1142 901 1186 Pallioiis
927 1155 1025 1185 vero
1066 1141 1216 1193 laneis,
1246 1139 1402 1183 scilicet
1430 1137 1548 1190 atris,
1585 1137 1723 1194 longis
1749 1124 1886 1194 usque

479 1219 529 1262 ad
575 1217 754 1269 cubitos,
801 1217 844 1259 in
888 1216 1026 1273 effigie
1069 1215 1265 1272 pennulae
1309 1212 1548 1262 fimbriatis,
1593 1226 1699 1269 quos
1740 1217 1890 1255 vocant

478 1293 595 1336 saias
640 1298 832 1335 utuntur.
877 1291 928 1334 Hi
974 1304 1071 1334 vero
1117 1290 1300 1347 turpiter
1337 1288 1574 1332 vestiuntur
1624 1295 1665 1330 et
1707 1286 1889 1343 turpiter

479 1368 707 1412 comedunt
759 1374 799 1410 et
850 1367 1039 1410 bibunt:
1095 1366 1232 1409 omnis
1283 1377 1466 1421 namque
1529 1361 1690 1405 familia
1739 1362 1890 1404 domus

481 1443 670 1494 Navarri,
719 1450 801 1485 tam
845 1456 990 1485 servus
1032 1455 1160 1497 quam
1203 1440 1418 1489 dominus,
1456 1446 1540 1481 tam
1575 1436 1726 1480 ancilla
1762 1450 1889 1493 quam

482 1520 668 1572 domina,
709 1517 853 1561 omnia
890 1516 1175 1574 pulmentaria
1212 1515 1339 1558 simul
1366 1514 1493 1556 mixta
1532 1513 1573 1555 in
1611 1526 1695 1555 uno
1732 1512 1886 1565 catino,

481 1607 568 1637 non
611 1606 708 1637 cum
751 1591 1015 1645 cochleariis,
1047 1591 1117 1634 sed
1159 1590 1356 1633 manibus
1383 1588 1584 1646 propriis,
1615 1588 1718 1631 solet
1754 1601 1893 1631 come-

484 1670 599 1720 dere,
621 1675 661 1711 et
681 1681 779 1711 cum
800 1680 885 1710 uno
917 1667 1072 1724 scypho
1094 1665 1255 1709 bibere.
1287 1665 1328 1708 Si
1350 1664 1443 1707 illos
1465 1663 1688 1706 comedere
1705 1661 1888 1716 videres,

481 1744 656 1789 canibus
683 1743 906 1788 edentibus
946 1743 1007 1785 vel
1034 1742 1174 1799 porcis
1201 1755 1273 1785 eos
1306 1746 1604 1798 computares3
1651 1738 1771 1796 sique
1797 1738 1892 1782 illos

482 1819 597 1877 loqui
640 1819 825 1871 audires,
870 1831 1022 1861 canum
1065 1816 1308 1860 latrantium
1362 1827 1655 1858 memorares:
1709 1813 1892 1856 barbara

481 1894 595 1938 enim
636 1893 780 1950 lingua
818 1893 986 1950 penitus
1022 1892 1247 1935 habentur.
1279 1891 1411 1934 Deum
1448 1896 1595 1933 vocant
1633 1888 1754 1931 arcia
1773 1904 1790 1941 ‚·
1827 1887 1892 1931 dei

482 1968 731 2026 genitricem
767 1968 927 2011 andrea
952 1966 1094 2010 Maria
1110 1981 1127 2018 ,·
1155 1979 1306 2023 panem
1331 1966 1454 2022 orgyui
1477 1979 1487 2018 3
1526 1964 1671 2007 vinum
1702 1964 1862 2007 ardum
1876 1977 1906 2014 ,·‘

483 2058 655 2088 carnem
681 2043 837 2100 arayui
856 2057 870 2094 ‚·
898 2042 1057 2099 piscem
1083 2042 1271 2098 arai9n,·
1297 2042 1469 2084 domum
1496 2039 1647 2091 eclzea,·
1674 2039 1895 2082 dominum

484 2121 636 2163 domus
662 2120 821 2167 iaona‚·
850 2117 1064 2160 dominam
1089 2117 1248 2160 andrea
1270 2132 1286 2169 ,·
1323 2115 1544 2159 ecclesiam
1569 2114 1752 2168 elicera‚·
1781 2128 1895 2171 pres-

484 2195 679 2252 byterum
705 2193 926 2241 belaterra,
970 2193 1079 2250 quod
1110 2192 1416 2248 interpretatur
1441 2190 1620 2247 pulchra
1645 2196 1789 2242 terra,
1821 2188 1895 2231 tri-

485 2265 616 2309 ticum
633 2265 757 2320 yart}
778 2277 931 2320 aquam
951 2264 1045 2306 ario
1059 2278 1075 2316 ;
1096 2275 1240 2319 regem
1260 2262 1458 2318 ereyaz'ffi
1478 2268 1669 2304 sanctum
1691 2259 1896 2304 Jacobum

484 2341 610 2384 iaona
637 2340 786 2382 domme
820 2339 936 2381 ‘dacae
963 2337 1044 2394 (1).
1089 2337 1188 2381 Haec
1229 2344 1291 2380 est
1329 2349 1431 2393 gens
1468 2336 1666 2388 barbara,
1696 2333 1896 2378 omnibus

486 2414 682 2471 gentibus
733 2412 951 2456 dissimilis
1001 2412 1178 2467 ritihus}
1205 2418 1244 2455 et
1292 2410 1489 2462 essentia,
1545 2410 1704 2453 malitia
1755 2409 1893 2466 plena,

486 2489 626 2532 colore
668 2495 775 2539 atra,
820 2487 912 2530 visu
954 2487 1116 2545 iniqua,
1162 2500 1304 2544 prava,
1349 2499 1561 2542 perversa,
1600 2484 1776 2542 perfida,
1815 2483 1899 2527 fide

534 2615 585 2661 (1)
611 2615 742 2660 Voyez,
766 2624 829 2648 sur
848 2617 930 2648 tous
954 2624 1013 2648 ces
1033 2617 1141 2657 mots,
1170 2613 1204 2646 la
1232 2611 1369 2655 Reme,
1393 2615 1417 2645 t.
1437 2611 1532 2655 XIV,
1562 2622 1597 2656 p.
1621 2610 1687 2645 120
1703 2614 1738 2644 et
1754 2609 1835 2645 269.
1857 2628 1898 2635 -

492 2673 605 2710 Urcia
633 2672 739 2708 serait
760 2671 947 2717 peut-&tre
972 2671 1006 2705 le
1027 2671 1162 2705 faiseur
1189 2670 1239 2704 du
1259 2673 1433 2704 tonnerre
1465 2668 1638 2713 (Ortz-in)
1658 2680 1691 2702 ».
1715 2687 1756 2693 -
1782 2667 1898 2702 Bela-

489 2738 592 2769 τεννα
612 2745 628 2766 «
648 2733 769 2777 preti-e
792 2743 808 2763 >>
831 2730 927 2765 vient
946 2731 1127 2775 peut-etre
1143 2728 1188 2764 de
1208 2727 1355 2763 oblator
1374 2738 1421 2763 ou
1443 2727 1487 2762 de
1507 2727 1670 2763 bellator
1688 2725 1851 2772 (bailliz).
