1998 3340
758 344 967 384 -57-

495 541 512 583 ᾖ
530 540 581 573 14.
600 557 637 564 —
654 540 703 572 De
724 540 889 573 cimborio
908 540 1083 583 apostolici
1098 540 1226 573 altaris.

217 663 455 708 Cimborius
491 677 590 708 vero
629 663 700 721 qui
742 663 822 707 hoc
863 664 994 708 altare
1035 664 1325 708 venerandum
1362 665 1567 721 cooperit,

159 738 414 783 mirabiliter
450 738 628 796 picturis
654 744 695 781 et
721 738 995 782 debuxaturis
1038 738 1347 796 speciebusque
1375 739 1569 793 diversis,

161 815 331 859 deintus
373 823 413 859 et
440 814 612 868 deforis,
655 821 873 872 operatur.
918 815 989 858 Est
1030 814 1144 858 enim
1175 816 1408 872 quadratus
1445 829 1573 872 super

160 896 347 948 quatuor
373 891 593 935 columnas
619 890 798 947 positus,
828 889 1050 934 altitudine
1093 896 1133 933 et
1159 889 1440 947 amplitudine
1476 903 1574 934 con-

161 966 332 1024 gruenti
357 966 508 1010 factus.
539 965 715 1009 Deintus
741 979 840 1009 vero
867 965 911 1008 in
938 965 1077 1023 primo
1103 965 1252 1008 ordine
1273 966 1466 1023 quaedam
1486 979 1576 1023 spe-

161 1041 288 1085 ciales
313 1040 491 1084 virtutes
518 1040 562 1083 in
589 1041 764 1084 modum
790 1040 1038 1094 mulierum,
1068 1054 1174 1098 quas
1201 1040 1356 1084 Paulus
1389 1055 1576 1085 comme-

162 1103 314 1170 morat,
344 1122 438 1160 octo
465 1115 624 1160 scilicet
667 1115 903 1159 habentur:
935 1115 977 1158 in
1004 1129 1268 1173 unoquoque
1294 1117 1448 1173 angulo
1484 1117 1578 1161 duae

161 1198 276 1235 sunt.
307 1191 356 1235 Et
382 1205 513 1249 super
538 1198 822 1249 utrarumque
849 1191 989 1248 capita
1016 1190 1158 1249 Angeli
1187 1191 1292 1235 recti
1320 1198 1477 1235 stantes
1503 1193 1579 1235 ha-

163 1266 334 1321 bentur,
364 1266 437 1324 qui
464 1265 665 1310 manibus
692 1266 861 1310 elevatis
889 1266 1111 1320 thronum,
1143 1266 1217 1324 qui
1244 1272 1306 1310 est
1331 1266 1373 1309 in
1401 1267 1579 1310 summi-

164 1349 248 1386 tate
274 1341 487 1395 cimborii,
518 1348 675 1385 tenent.
707 1341 754 1384 ln
776 1341 916 1385 medio
936 1355 1036 1385 vero
1054 1341 1198 1385 throni
1218 1342 1361 1398 Agnus
1379 1341 1451 1386 Dei
1474 1343 1580 1400 pede

165 1417 343 1462 Crucem
372 1423 519 1460 tenens
548 1416 760 1461 habetur:
791 1417 863 1460 sed
891 1416 1037 1474 Angeli
1066 1423 1125 1460 tot
1160 1423 1272 1470 sunt,
1312 1424 1415 1475 quot
1439 1417 1580 1461 Virtu-

165 1498 244 1536 tes.
267 1491 434 1536 Deforis
452 1491 614 1535 veroin
641 1491 782 1549 primo
810 1492 960 1536 ordine
978 1499 1164 1550 quatuor
1180 1492 1323 1548 Angeli
1346 1493 1575 1545 habentur,

167 1567 241 1625 qui
291 1567 653 1611 resurrectionem
704 1566 787 1611 diei
828 1566 999 1621 Judicii,
1048 1567 1325 1611 buccinantes
1368 1567 1577 1622 buccinis,

169 1642 468 1700 pronuntiant;
507 1643 591 1686 duo
642 1649 741 1686 sunt
781 1649 905 1687 antea
946 1642 989 1686 in
1030 1642 1137 1687 facie
1181 1649 1221 1686 et
1265 1643 1348 1686 duo
1389 1650 1504 1686 retro
1538 1643 1581 1686 in

167 1718 249 1761 alia
299 1717 420 1762 facie.
475 1717 522 1760 In
575 1719 724 1762 eodem
772 1731 871 1762 vero
928 1717 1078 1781 ordine
1128 1725 1312 1775 quatuor
1361 1718 1583 1775 Prophetae

167 1793 409 1836 habentur:
440 1793 603 1851 Moyses
641 1793 800 1837 scilicet
826 1800 866 1836 et
900 1793 1114 1837 Abraham
1140 1793 1184 1836 in
1213 1793 1417 1837 sinistrali
1444 1793 1579 1848 facie3

168 1875 209 1912 et
247 1867 365 1911 Isaac
404 1874 445 1911 et
483 1867 612 1912 Jacob
652 1867 696 1910 in
736 1869 942 1922 dextrali;
986 1868 1142 1927 singuli
1190 1868 1381 1926 singulos
1422 1870 1583 1913 rotulos

168 1943 353 2001 propriae
393 1942 631 2000 Prophetiae
670 1943 870 1988 manibus
910 1951 1116 1989 tenentes.
1147 1945 1194 1988 In
1221 1944 1434 2001 superiori
1484 1958 1581 1988 vero

169 2017 320 2062 ordine
373 2018 598 2062 duodecim
661 2018 848 2075 Apostoli
906 2020 1055 2063 sedent
1113 2033 1188 2077 per
1239 2019 1482 2063 circuitum.
1538 2020 1585 2062 In

170 2093 310 2151 prima
350 2092 471 2146 facie,
514 2093 558 2136 in
585 2099 709 2137 antea
735 2093 914 2147 scilicet,
943 2095 1093 2139 beatus
1134 2095 1318 2139 Jacobus
1358 2094 1518 2138 residet
1542 2094 1586 2137 in

170 2168 327 2222 medio,
357 2181 487 2212 manu
515 2168 686 2212 sinistra
727 2168 885 2213 librum
919 2176 1084 2223 tenens,
1124 2177 1162 2214 et
1190 2161 1360 2214 dektera
1386 2169 1586 2214 benedic-

172 2243 331 2287 tionem
357 2243 565 2298 innuens3
597 2245 644 2288 ad
690 2244 813 2288 cuius
854 2245 1069 2289 dexteram
1111 2251 1174 2289 est
1200 2245 1307 2289 alius
1345 2245 1585 2302 Apostolus,

173 2324 214 2362 et
244 2318 295 2362 ad
323 2318 469 2362 laevam
508 2319 615 2363 alter
642 2319 686 2363 in
722 2319 872 2364 ordine
899 2320 1092 2378 proprio.
1130 2320 1332 2365 Similiter
1367 2320 1417 2364 ad
1445 2320 1588 2364 dexte-

174 2407 267 2438 ram
293 2393 490 2438 cimborii
517 2401 602 2439 tres
629 2394 700 2439 alii
726 2395 940 2440 habentur
956 2395 1160 2454 Apostoli,
1181 2402 1222 2440 et
1249 2396 1299 2440 ad
1321 2396 1467 2439 laevam
1495 2395 1586 2439 eius

174 2475 275 2524 tres,
298 2475 340 2512 et
364 2476 478 2513 retro
498 2470 646 2514 eodem
666 2471 793 2514 modo
825 2477 928 2514 tres.
960 2471 1008 2514 ln
1034 2477 1290 2528 coopertura
1314 2484 1412 2514 vero
1439 2471 1491 2514 de
1517 2483 1589 2514 su-

177 2557 252 2601 per
279 2550 463 2602 quatuor
488 2545 634 2602 Angeli
669 2546 831 2599 sedent,
868 2546 991 2604 quasi
1025 2547 1159 2591 altare
1185 2546 1486 2590 custodientes
1510 2545 1588 2589 Sed

177 2618 220 2661 in
249 2626 433 2676 quatuor
458 2620 661 2665 cornibus
693 2621 885 2665 eiusdem
907 2621 1120 2675 cimborii,
1153 2621 1383 2680 incipiente
1412 2635 1590 2678 cooper-

183 2700 295 2748 tura,
323 2701 508 2753 quatuor
544 2695 819 2754 Evangelistae
856 2696 1044 2755 propriis
1081 2696 1435 2741 similitudinibus
1479 2697 1590 2741 scul-
