1998 3340
810 357 1018 398 -43—

208 445 319 499 ficet,
348 444 476 488 vitam
502 450 694 488 nostram
721 443 876 500 dirigat
906 443 949 487 in
972 444 1124 488 mortis
1150 445 1357 502 periculo,
1387 458 1410 488 a
1429 443 1617 488 barathri

208 520 403 565 faucibus
429 533 507 564 nos
534 519 703 577 eripiat,
727 518 769 561 in
797 526 984 563 extremo
1011 519 1204 564 examine
1231 533 1441 563 summam
1469 519 1616 564 aeterni

200 594 362 639 Judicis
388 594 495 638 iram
523 594 648 638 nobis
676 595 828 651 placet,
867 602 908 638 et
932 596 983 639 ad
1020 608 1207 652 superna
1249 595 1446 652 polorum
1485 608 1617 651 regna

204 671 429 726 perducat3
459 675 688 726 praestante
708 669 886 712 Domino
912 676 1059 713 nostro
1084 669 1182 713 Jesu
1209 669 1389 723 Christo,
1419 669 1492 727 qui
1518 683 1614 713 cum

201 746 322 789 Patre
348 751 389 789 et
413 744 569 802 Spiritu
613 744 762 788 Sancto
789 745 887 788 vivit
913 751 953 788 et
978 752 1127 802 regnat
1172 745 1278 788 Deus
1320 758 1396 802 per
1443 744 1611 788 infinita

200 808 358 863 saecula
379 820 652 863 saeculorum.
674 821 822 863 Amen.

260 895 416 939 Deinde
444 895 556 951 apud
584 895 789 948 Blavium‚
819 895 863 938 in
891 894 1119 947 maritima,
1150 894 1261 938 beati
1302 894 1482 938 Romani
1511 908 1615 952 prae-

199 970 307 1014 sidia
341 969 524 1027 petenda
559 977 685 1023 sunt;
735 970 777 1013 in
812 970 934 1014 cuius
978 969 1152 1013 basilica
1194 969 1425 1027 requiescit
1460 983 1615 1026 corpus

198 1046 242 1088 B.
286 1044 524 1105 Rotolandi‚
556 1045 764 1102 Martyris,
810 1045 884 1103 qui
925 1059 1024 1089 cum
1067 1051 1177 1088 esset
1221 1058 1377 1102 genere
1438 1045 1609 1097 nobilis,

196 1121 344 1165 Comes
371 1121 530 1166 scilicet
556 1119 695 1165 Caroli
733 1120 871 1177 Magni
901 1119 1045 1176 Regis,
1075 1121 1127 1164 de
1152 1133 1332 1163 numero
1360 1119 1614 1164 duodecimo

197 1202 484 1254 pugnatorum
528 1197 578 1239 ad
621 1195 924 1252 expugnandas
967 1202 1113 1251 gentes
1153 1194 1353 1252 perfidas,
1393 1196 1480 1238 zelo
1516 1195 1614 1238 fidei

197 1277 358 1328 septus,
407 1270 658 1328 Hispaniam
702 1270 920 1327 ingressus
962 1277 1039 1313 est.
1084 1270 1162 1313 Hic
1206 1276 1322 1313 tanta
1364 1270 1610 1313 fortitudine

195 1345 383 1402 repletus
409 1345 488 1388 fuit
505 1346 619 1402 quod
649 1351 875 1401 petronum
903 1345 1145 1402 quemdam,
1171 1351 1216 1387 ut
1244 1345 1394 1397 fertur,
1424 1343 1468 1387 in
1495 1344 1611 1387 Run-

196 1420 370 1463 ciavalle
395 1434 419 1463 a
445 1433 614 1463 summo
633 1433 769 1476 usque
787 1420 988 1463 deorsum
1011 1433 1088 1463 sua
1115 1420 1275 1463 framea
1300 1433 1378 1476 per
1402 1419 1608 1473 medium,

195 1495 307 1538 trino
334 1494 420 1538 ictu
448 1494 621 1544 scilicet,
651 1494 792 1547 scidit,
824 1502 864 1537 et
892 1495 1037 1538 tubam
1066 1495 1254 1538 sonando
1283 1495 1369 1538 oris
1396 1494 1461 1538 sui
1487 1501 1610 1538 vento

194 1569 391 1613 similiter
417 1583 493 1627 per
518 1570 708 1613 medium
737 1569 890 1613 divisit.
930 1570 1048 1613 Tuba
1084 1584 1183 1613 vero
1224 1571 1412 1614 eburnea
1453 1569 1612 1614 scilicet

194 1644 325 1689 scissa
352 1645 465 1701 apud
492 1645 770 1702 Burdegalem
805 1646 959 1689 urbem
1000 1646 1044 1688 in
1070 1645 1246 1689 basilica
1281 1645 1392 1688 beati
1420 1645 1608 1689 Severini

194 1721 393 1775 habetur,
418 1727 459 1764 et
485 1734 616 1778 super
633 1728 860 1778 petronum
888 1721 928 1764 in
957 1721 1229 1764 Runciavalle
1255 1722 1449 1779 quaedam
1477 1721 1610 1765 eccle-

196 1795 258 1839 sia
283 1796 531 1839 fabricatur.
563 1796 789 1853 Postquam
817 1809 915 1840 vero
941 1796 1205 1839 Rotolandus
1238 1796 1372 1839 multa
1407 1797 1515 1840 bella
1540 1810 1607 1840 re-

193 1884 293 1928 gum
321 1877 361 1914 et
386 1871 606 1928 gentilium
628 1871 794 1924 devicit,
817 1872 927 1915 fame
953 1871 1110 1928 frigore
1139 1871 1437 1929 caloribusque
1464 1871 1607 1915 nimiis

191 1946 407 2004 fatigatus,
437 1946 569 2004 alapis
610 1946 931 1990 immanissimis
969 1954 1009 1989 et
1052 1946 1301 1990 verberibus
1340 1946 1502 1990 crebris
1528 1961 1605 2003 pro

192 2020 321 2064 divini
360 2021 560 2065 Numinis
586 2034 731 2064 amore
757 2035 910 2074 caesus,
948 2021 1198 2078 sagittisque
1233 2029 1273 2064 et
1315 2021 1472 2065 lanceis
1515 2022 1605 2065 vul-

192 2103 381 2150 neratus,
405 2097 575 2140 tandem
593 2096 661 2140 siti
688 2096 838 2150 fertur,
860 2095 903 2138 in
922 2097 1097 2154 praefata
1119 2097 1248 2150 Valle,
1272 2096 1427 2140 Christi
1445 2103 1604 2154 martyr

191 2171 401 2228 pretiosus
446 2171 615 2215 obiisse.
665 2171 791 2216 Cuius
834 2171 1171 2215 sacratissimum
1213 2186 1366 2229 corpus
1409 2171 1453 2214 in
1489 2171 1598 2215 beati

192 2246 376 2289 Romani
403 2246 580 2290 basilica
607 2247 720 2304 apud
748 2246 937 2290 Blavium
963 2246 1096 2304 ipsius
1124 2247 1226 2291 socii
1262 2247 1391 2304 digna
1426 2260 1601 2290 venera-

190 2321 302 2365 tione
329 2321 606 2379 sepelierunt.

246 2394 403 2440 Deinde
442 2398 555 2454 apud
598 2397 878 2454 Burdegalem
906 2397 1059 2440 urbem
1099 2398 1210 2441 beati
1239 2397 1443 2451 Severini,
1480 2397 1601 2454 Epis-

185 2471 296 2528 copi,
343 2479 384 2514 et
410 2471 672 2516 Confessoris
708 2486 865 2529 corpus
899 2472 1157 2516 visitandum
1182 2479 1259 2517 est.
1289 2472 1418 2518 Cuius
1444 2472 1598 2516 solem-

185 2546 294 2607 nitas
320 2547 487 2591 decimo
513 2547 714 2591 kalendas
739 2547 982 2591 novembris
1009 2547 1176 2591 colitur.

244 2622 348 2665 Item
375 2622 417 2665 in
444 2622 598 2666 Landis
624 2622 1024 2680 Burdegalensibus,
1054 2623 1159 2666 Villa
1186 2637 1282 2680 quae
1307 2622 1463 2666 dicitur
1489 2622 1596 2665 Beli-

185 2710 281 2752 nus,
310 2697 518 2742 visitanda
543 2704 642 2742 sunt
672 2698 858 2756 Corpora
891 2704 1137 2742 sanctorum
1164 2705 1398 2756 martyrum
1425 2697 1594 2751 Oliveri‚
