1998 3340
1081 406 1291 446 -36—

811 492 976 539 Corpore
997 491 1223 539 lonqinquus

860 552 961 588 Votis
982 552 1182 598 animoque
1199 552 1436 599 propinquus

807 611 918 647 Nunc
939 611 1006 646 tibi
1026 611 1108 646 dico
1127 611 1212 646 vale

856 671 962 713 Quod
980 671 1030 706 sit
1049 671 1116 706 tibi
1130 672 1368 717 perpetuale.

588 870 713 913 Incipit
730 871 842 913 passio
859 870 950 904 beati
965 870 1118 912 Eutropii
1134 870 1376 904 Sanetonensis
1391 870 1547 912 Episcopi
1564 874 1598 903 et
1613 869 1781 913 Martyris.

539 1009 884 1054 Gloriosissimus
921 1024 1107 1068 namque
1132 1010 1285 1054 Christi
1310 1018 1470 1069 martyr
1497 1011 1729 1069 Eutropius
1763 1011 1891 1056 Sanc-

483 1086 674 1129 tonensis
692 1086 875 1130 Antistes
902 1093 1118 1139 venustus,
1139 1085 1283 1143 gentili
1309 1100 1465 1143 genere
1491 1087 1716 1131 Persarum
1739 1087 1895 1140 editus,

484 1161 770 1206 excellentiori
798 1161 998 1219 prosapia
1024 1161 1152 1205 totius
1170 1162 1319 1205 mundi
1342 1162 1495 1205 exstitit
1515 1163 1747 1216 oriundus,
1770 1176 1897 1220 quem

483 1237 708 1295 Babylonis
736 1237 1020 1280 admirandus
1036 1238 1099 1294 (1)
1117 1223 1288 1298 nomine
1314 1237 1487 1292 Xerxes,
1508 1251 1557 1281 ex
1582 1237 1712 1281 Guiva
1738 1238 1900 1295 Regina

480 1312 696 1370 generavit
740 1313 1004 1357 humanitus.
1050 1313 1200 1356 Nullus
1243 1327 1292 1356 eo
1337 1326 1428 1356 esse
1469 1313 1607 1369 potuit
1648 1327 1804 1370 genere
1830 1327 1900 1356 su-

482 1387 669 1442 blimior,
712 1402 790 1432 nec
831 1388 929 1438 fide,
975 1395 1016 1432 et
1055 1401 1184 1444 opere
1203 1394 1298 1444 post
1327 1387 1646 1431 conversionem
1673 1387 1895 1432 humilior.

483 1462 562 1513 Qui
589 1477 686 1507 cum
714 1463 758 1506 in
791 1463 975 1521 pueritia
1011 1463 1162 1506 litteris
1189 1463 1433 1515 chaldaicis,
1464 1470 1505 1506 et
1529 1462 1694 1520 graecis,
1726 1464 1899 1507 edoctus

484 1545 609 1591 esset,
641 1545 768 1596 atque
794 1539 946 1582 heroes
974 1551 1165 1581 summos
1192 1537 1320 1581 totius
1346 1537 1465 1594 regni
1500 1537 1729 1595 prudentia
1755 1544 1796 1581 et
1822 1551 1897 1582 cu-

483 1613 671 1657 riositate
698 1614 1006 1671 aequipararet,
1037 1613 1072 1657 si
1098 1613 1206 1656 forte
1232 1612 1275 1655 in
1304 1613 1395 1657 eius
1422 1613 1557 1667 curia,
1587 1614 1651 1657 vel
1689 1612 1900 1657 curiosior

484 1703 552 1741 eo,
598 1690 662 1733 vel
703 1689 863 1746 aliquid
904 1689 1136 1732 barbarum
1177 1695 1302 1741 esset,
1346 1688 1591 1745 prospicere
1631 1688 1894 1742 desiderans,

482 1765 696 1809 Herodem
724 1765 881 1822 Regem
910 1765 954 1807 in
979 1764 1149 1808 Galilaea
1174 1763 1291 1807 adiit.
1323 1764 1370 1807 In
1389 1764 1510 1807 cuius
1537 1763 1672 1818 curia,
1696 1764 1798 1808 dum
1819 1779 1895 1822 per

486 1840 646 1898 aliquot
698 1840 787 1884 dies
830 1840 1071 1894 mansisset,
1118 1839 1260 1882 audita
1316 1838 1541 1882 Salvatoris
1593 1838 1899 1883 miraculorum

486 1916 599 1960 fama
625 1917 676 1960 de
703 1916 833 1970 Urbe,
862 1916 906 1959 in
933 1916 1098 1960 civitate
1124 1916 1244 1959 illum
1267 1915 1486 1973 quaesivit;
1516 1928 1644 1972 quem
1671 1916 1900 1959 abeuntem

485 2000 604 2035 trans
629 2005 748 2035 mare
773 1991 959 2045 Galssaee,
998 1991 1112 2048 quod
1156 1997 1218 2034 est
1258 1990 1508 2044 Tiberiadis,
1537 2004 1635 2034 cum
1660 1990 1900 2035 innumeris

484 2067 741 2124 populorum
785 2066 935 2121 turbis,
965 2080 1061 2124 quae
1093 2079 1192 2109 eum
1229 2066 1519 2123 sequebantur
1553 2065 1741 2110 videntes
1781 2066 1902 2124 signa

485 2156 580 2200 quae
608 2142 801 2194 faciebat,
831 2149 1120 2199 consequutus
1137 2149 1214 2185 est.
1236 2142 1354 2185 Tunc
1377 2141 1519 2184 divina
1535 2141 1785 2198 disponente
1803 2155 1900 2199 gra—

428 2227 431 2230 ⁴
484 2218 542 2261 tia
568 2217 743 2275 contigit
768 2217 837 2261 die
862 2217 948 2272 illa,
979 2218 1089 2275 quod
1120 2217 1307 2261 Salvator
1334 2230 1409 2260 sua
1445 2216 1646 2259 ineffabili
1690 2216 1899 2274 largitate,

485 2293 536 2336 de
562 2293 752 2351 quinque
768 2293 951 2351 panibus
978 2300 1019 2336 et
1045 2294 1211 2336 duobus
1228 2292 1433 2350 piscibus,
1457 2291 1685 2335 hominum
1710 2292 1902 2350 quinque

484 2368 631 2422 millia,
676 2368 747 2412 illo
787 2369 993 2421 adstante,
1036 2367 1222 2412 saciavit.
1267 2367 1359 2411 Viso
1402 2368 1482 2410 hoc
1516 2367 1741 2421 miraculo,
1781 2366 1901 2425 juve-

531 2524 579 2569 (‘l)
605 2516 730 2568 Emir,
762 2524 1032 2568 connnandant,
1062 2534 1267 2569 empereur.
1302 2522 1470 2557 Allusion
1497 2534 1518 2556 a
1545 2534 1634 2557 ceux
1665 2523 1709 2557 de
1738 2522 1898 2567 Bagdad.

482 2583 651 2617 L’ancien
670 2583 826 2625 francais
847 2583 939 2617 avait
959 2583 1142 2625 amiram,
1166 2586 1200 2616 et
1219 2580 1418 2626 l'espagnol
1441 2591 1613 2615 conserve
1634 2591 1765 2615 encore
1786 2581 1900 2615 almi—

481 2648 589 2677 rcmte
620 2642 789 2687 (amiral),
825 2642 887 2687 qui
917 2653 955 2676 se
985 2642 1145 2676 rattache
1166 2640 1410 2674 evideninient
1430 2640 1450 2674 a
1470 2640 1602 2674 l'arahe
1632 2641 1757 2674 'amba
1787 2640 1898 2674 Vien-

478 2702 611 2736 drait-il
633 2702 678 2736 de
698 2701 803 2736 ΑΜΒ
824 2711 895 2746 que
914 2700 1043 2735 Norris
1064 2704 1233 2735 retrouve
1254 2709 1338 2733 avec
1355 2700 1388 2733 le
1409 2710 1492 2733 sens
1513 2699 1556 2734 de
1577 2710 1592 2732 «
1616 2700 1745 2734 maitre
1766 2712 1781 2732 »
1809 2698 1898 2733 dans

476 2761 528 2794 les
548 2760 780 2806 inscriptions
802 2759 1076 2794 cuneit'ormes?
