1998 3340
760 350 966 390 —31—

155 436 308 481 famam
323 436 412 495 jam
434 449 512 494 per
529 441 663 480 totum
682 435 829 479 orbem
849 436 974 494 longe
993 437 1161 495 lateque
1188 437 1327 482 divina
1344 440 1568 485 clementia

156 511 423 570 expandidit;
447 511 568 556 cuius
589 511 720 554 virtus
740 511 1034 568 potentissima
1054 512 1280 556 innumera
1306 515 1564 571 captivorum

157 586 287 630 millia
312 601 335 630 a
362 586 606 630 carceribus
633 585 787 639 educit,
828 600 1011 644 quorum
1051 587 1217 631 vincula
1260 588 1414 642 ferrea,
1456 591 1567 634 ultra

153 675 283 719 quam
325 662 405 715 dici
444 663 505 705 sas
549 667 626 714 est,
656 661 840 705 barbara
866 662 999 706 millia
1025 662 1213 706 millibus
1239 663 1481 721 conjuncta,
1524 666 1566 709 in

153 736 244 781 eius
271 736 445 781 basilica
470 736 630 781 circum
659 735 786 790 circa,
818 737 869 780 ad
896 737 1113 781 dexteram
1139 743 1180 781 et
1206 738 1369 791 laevam,
1394 739 1505 783 intra
1525 749 1565 783 et

153 820 284 866 extra,
306 812 366 855 ‘ob
394 818 609 855 tantorum
637 810 946 855 miraculorum
973 812 1266 856 testimonium
1295 815 1566 871 suspendun-

153 892 245 940 tur;
286 887 397 930 ultra
439 900 567 943 quam
604 885 687 930 dici
715 886 776 930 fas
803 894 882 940 est,
912 887 1149 942 mirareris,
1180 887 1215 932 si
1243 888 1418 932 arbores
1444 889 1488 932 in
1516 904 1564 934 ea

152 967 211 1005 tot
235 975 284 1005 ac
310 961 436 1004 tantis
478 960 630 1005 ferreis
672 961 868 1005 barbaris
906 969 1102 1005 oneratas
1130 962 1310 1006 videres.
1350 963 1412 1007 Ibi
1452 965 1566 1008 enim

149 1037 336 1095 pende-nt
371 1035 550 1080 manicae
588 1036 712 1080 ferra}
748 1036 874 1091 boiae,
920 1044 1098 1087 catente,
1141 1039 1381 1094 compedes,
1434 1040 1563 1097 cepti,

149 1112 333 1169 pedices,
362 1118 515 1165 vectes,
543 1112 660 1169 juga,
690 1112 839 1168 galeae,
868 1112 994 1156 falces
1014 1113 1237 1156 etdiversa
1258 1113 1559 1167 instrumenta,

149 1200 172 1230 e
189 1187 347 1245 quibus
368 1186 520 1231 Christi
539 1187 763 1230 Confessor
788 1187 1111 1244 potentissimus
1138 1195 1283 1245 captos
1301 1202 1376 1232 sua
1405 1190 1566 1246 potenti

146 1261 300 1311 virtute
320 1262 539 1315 liberavit,
570 1262 726 1306 mirum
751 1268 813 1305 est
840 1263 891 1306 de
917 1262 988 1306 illo
1015 1262 1117 1320 quia
1143 1263 1186 1305 in
1214 1263 1402 1307 humana
1428 1265 1566 1309 forma

146 1336 368 1380 visibiliter
394 1336 543 1381 vinctis
571 1337 615 1379 in
651 1337 876 1394 ergastulis
912 1344 1029 1381 trans
1067 1351 1185 1381 mare
1214 1338 1342 1382 etiam
1369 1353 1472 1383 usus
1500 1348 1567 1384 est

145 1425 369 1470 apparere,
416 1419 463 1455 ut
498 1411 579 1469 ipsi
620 1418 846 1466 testantur,
892 1426 999 1470 quos
1042 1412 1237 1457 liberavit
1278 1414 1349 1457 Dei
1390 1414 1559 1459 virtute.

145 1487 326 1531 Pulchre
352 1501 429 1544 per
454 1500 553 1531 eum
580 1487 837 1544 adimpletur
862 1488 976 1545 quod
1003 1487 1169 1531 divinus
1187 1488 1309 1532 Vates
1337 1489 1435 1532 olim
1464 1490 1562 1534 vati-

143 1561 297 1605 cinavit
313 1561 456 1606 dicens
479 1575 488 1604 :
510 1562 704 1606 Sedentes
723 1562 772 1605 in
790 1563 968 1606 tenebris
992 1568 1029 1606 et
1049 1563 1203 1606 umbra
1220 1564 1384 1616 mortis,
1402 1565 1562 1609 vinctos

144 1637 192 1679 in
217 1637 487 1681 mendicitate
512 1642 548 1680 et
574 1638 700 1693 ferro,
737 1651 806 1695 spe
848 1637 1042 1681 liberavit
1076 1652 1167 1693 eos,‚·
1208 1644 1246 1682 et
1272 1640 1559 1684 clamaverunt

141 1713 199 1755 ad
223 1726 333 1765 enm,
381 1727 477 1755 cnm
512 1712 836 1766 tribularentur,
880 1719 917 1757 et
959 1714 1007 1756 de
1044 1715 1358 1758 necessitatibus
1395 1730 1556 1767 eornm,

141 1787 337 1831 liberavit
371 1802 461 1840 eos,·
496 1787 673 1844 suscepit
698 1801 763 1830 eos
789 1788 838 1831 de
862 1789 934 1831 via
958 1789 1205 1846 iniqnitatis
1241 1804 1400 1844 eornm,
1454 1792 1558 1849 qnia

139 1863 338 1907 contrivit
362 1868 506 1920 portas
542 1877 684 1916 aereaS,
712 1869 750 1906 et
774 1869 902 1907 vectes
939 1864 1095 1919 ferreos
1128 1866 1346 1922 eonfreqit.
1390 1866 1556 1922 Ligatos

138 1937 182 1980 in
225 1937 505 1995 compedibus
545 1944 586 1981 et
625 1937 788 1981 nobiles
830 1938 987 1982 multos
1031 1939 1075 1981 in
1103 1939 1280 1984 manicis
1307 1941 1458 1984 ferreis
1485 1941 1554 1985 hic

137 2013 345 2056 liberavit.
364 2013 610 2056 Traduntur
626 2012 752 2055 etiam
769 2012 998 2058 Christiani
1014 2014 1141 2058 vincti
1169 2028 1279 2072 saepe
1306 2015 1350 2058 in
1375 2029 1548 2060 manum

138 2087 361 2145 gentilium
402 2095 449 2131 ut
488 2088 786 2141 Boamundus3
834 2095 874 2131 et
910 2088 1113 2132 dominati
1143 2097 1242 2133 sunt
1268 2104 1436 2146 eorum,
1477 2092 1549 2149 qui

137 2163 320 2206 oderunt
360 2176 432 2206 eos
458 2169 497 2206 et
530 2163 843 2206 tribulaverunt
870 2177 958 2215 eos,
988 2163 1151 2208 inimici
1187 2179 1364 2218 eorum,
1395 2173 1434 2208 et
1468 2167 1547 2209 hu-

135 2238 300 2282 militati
329 2246 426 2282 sunt
453 2238 530 2282 sub
559 2238 758 2281 manibus
801 2252 978 2291 eorum3
1008 2241 1080 2283 sed
1117 2240 1186 2283 hic
1213 2254 1325 2298 saepe
1355 2241 1548 2284 liberavit

134 2328 223 2366 eos,
253 2322 292 2357 et
319 2315 459 2358 eduxit
478 2315 572 2358 illos
593 2317 643 2357 de
671 2314 858 2357 tenebris
879 2322 919 2356 et
946 2315 1099 2358 umbra
1119 2316 1285 2368 mortis,
1317 2323 1356 2358 et
1380 2317 1545 2359 vincula

132 2402 282 2433 eorum
310 2389 505 2446 disrupit.
536 2388 615 2432 Hic
641 2389 742 2432 dicit
768 2389 833 2432 his
860 2389 930 2446 qui
961 2389 1090 2434 vincti
1116 2397 1230 2443 sunt,
1252 2391 1387 2443 exite‚·
1415 2398 1454 2434 et
1480 2391 1545 2434 his

129 2465 202 2522 qui
230 2465 274 2507 in
299 2464 486 2508 tenebris
514 2472 612 2508 sunt
636 2465 902 2508 revelamini.
934 2464 1063 2508 Cuius
1094 2479 1214 2509 sacra
1241 2467 1445 2510 solemnia
1473 2481 1542 2510 co—

129 2541 275 2584 luntur
299 2547 442 2584 octavo
480 2540 575 2583 idus
608 2540 867 2583 novembris.

185 2616 319 2672 Igitur
345 2623 439 2672 post
464 2615 636 2658 beatum
665 2615 931 2658 Leonardum
959 2616 1071 2673 apud
1108 2615 1261 2659 urbem
1301 2615 1539 2672 Petregorim

126 2704 196 2735 cas
238 2690 493 2734 visitandum
529 2698 592 2734 est
633 2704 788 2748 corpus
831 2690 942 2734 beati
986 2690 1230 2745 Frontonis,
1261 2689 1456 2748 Episcopi
1498 2699 1538 2735 et
