1998 3340
727 358 936 397 -33-

137 454 285 486 verum
311 455 464 500 panem
503 448 544 487 et
568 441 743 486 calicem
770 442 968 488 similiter
992 443 1171 488 levabat.
1201 445 1374 491 Peracto
1400 447 1543 507 itaque

133 517 341 561 sacrificio
359 517 567 576 disparuit
584 517 777 562 salvatrix
796 518 866 562 illa
884 532 1037 562 manus
1055 518 1261 576 piissima.
1283 521 1401 566 Unde
1417 524 1543 568 datur

132 591 336 650 intelligi;
364 593 559 651 quisquis
585 593 700 637 enim
743 594 910 637 Missam
938 595 1065 648 canit,
1114 596 1203 652 ipse
1233 596 1423 641 Christus
1450 613 1540 642 eam

132 674 286 712 cantat.
316 667 426 712 Hinc
450 669 599 712 beatus
626 668 875 726 Fulgentius
903 669 1056 712 Doctor
1082 669 1164 713 ait:
1203 670 1296 714 Non
1322 671 1441 715 homo
1467 681 1541 727 est,

129 743 205 800 qui
235 745 452 801 proposita
481 744 644 801 Corpus
678 742 843 787 Christi
869 750 906 787 et
936 744 1200 802 Sanquinem
1225 746 1346 802 facit,
1376 748 1446 790 sed
1474 749 1547 791 illc

132 818 208 874 qui
233 819 460 876 crucifioeus
479 833 559 877 pro
584 819 704 862 nobis
731 825 790 862 est
819 818 1033 863 Christus.
1064 820 1112 862 Et
1148 820 1297 864 beatus
1341 822 1545 876 Isidorus,

132 892 192 937 sic
217 892 303 936 ait:
333 894 414 938 Nec
435 899 608 951 propter
646 894 872 938 bonitatem
913 894 1009 937 boni
1045 896 1270 938 sacerdotis
1296 897 1342 953 fit
1382 899 1545 951 melior,

130 981 203 1011 nec
223 974 394 1026 propter
409 969 626 1012 malitiam
646 970 753 1012 mccli
780 970 826 1026 fit
840 970 973 1027 peior.
1005 970 1212 1015 Praefatus
1231 972 1336 1015 calix
1363 987 1410 1015 ex
1431 987 1549 1017 more

130 1055 300 1100 semper
335 1044 624 1101 poscentibus,
657 1052 742 1088 tam
769 1044 1021 1089 domesticis
1048 1060 1178 1103 quarn
1204 1046 1416 1101 barbaris,
1447 1048 1550 1092 fide-

130 1117 242 1162 libus
267 1116 312 1162 in
352 1119 531 1163 ecclesia
557 1119 719 1164 Sanctae
746 1120 892 1163 Crucis
937 1121 986 1164 ad
1013 1121 1417 1165 communicandum
1444 1137 1550 1180 prae-

129 1200 321 1251 paratur.
352 1194 457 1238 Item
483 1195 527 1237 in
571 1196 719 1239 eadem
759 1196 865 1239 urbe
908 1195 1019 1239 beati
1062 1196 1230 1240 Evurcii
1268 1196 1465 1255 Episcopi
1510 1206 1549 1242 et

128 1269 389 1314 Confessoris
415 1284 571 1327 corpus
597 1270 855 1314 visitandum
884 1278 963 1314 est.
993 1271 1097 1314 Item
1125 1271 1168 1314 in
1196 1272 1344 1315 eadem
1371 1274 1478 1316 urbe
1506 1274 1548 1316 in

128 1331 305 1389 eccles-ia
330 1344 468 1389 Sancti
496 1344 741 1403 Sampsonis
768 1346 970 1398 cultrum,
1003 1346 1075 1404 qui
1094 1347 1143 1390 ad
1169 1361 1333 1391 coenam
1361 1348 1549 1391 Domini-

128 1434 221 1464 cam
242 1420 448 1464 veraciter
474 1420 623 1475 extitit,
656 1420 912 1464 visitandum
943 1427 1019 1465 est.

189 1495 294 1539 Item
321 1495 365 1538 in
410 1496 558 1539 eadem
604 1495 668 1539 via
695 1509 827 1553 super
855 1495 1056 1552 Ligerum
1085 1496 1198 1539 beati
1238 1496 1404 1540 Martini
1430 1498 1549 1556 Epis—

129 1569 223 1627 copi
264 1576 305 1614 et
331 1560 590 1615 Confesso‘ris
629 1584 784 1627 corpus
828 1570 1005 1627 dignum
1048 1570 1305 1614 visitandum
1349 1580 1425 1616 est.
1473 1574 1549 1617 Hic

128 1659 228 1689 vero
255 1645 386 1689 trium
430 1651 701 1689 mortuorum
737 1645 965 1707 suscitator
991 1645 1243 1700 magnificus
1271 1633 1381 1691 esse·
1403 1649 1547 1705 perhi-

129 1720 280 1774 betur;
327 1728 367 1764 et
400 1721 608 1778 leprosos,
640 1734 1041 1779 energumenosque
1069 1721 1229 1772 devios,
1256 1722 1464 1767 lunaticos
1510 1732 1549 1768 et

130 1795 429 1850 daemoniacos,
451 1803 713 1854 caeterosque
739 1796 964 1853 languidos
991 1803 1145 1853 optatae
1167 1797 1290 1841 saluti
1312 1799 1547 1843 reddidisse

131 1870 285 1915 fertur.
316 1870 635 1929 Sarcophagum
654 1885 855 1929 namque,
885 1885 971 1930 quo
998 1872 1284 1916 sacratissima
1310 1872 1400 1930 ejus
1427 1875 1548 1931 gleba

128 1945 245 2004 juxta
270 1947 425 1990 urbem
452 1947 709 1991 Turonicam
754 1947 998 2004 requiescit,
1029 1954 1206 2004 argento
1249 1955 1288 1991 et
1323 1962 1428 1992 auro
1468 1950 1546 1993 irn-

131 2035 294 2076 menso,
339 2021 640 2080 lapidibusque
682 2021 880 2079 pretiosis
907 2023 1038 2079 fulget
1064 2029 1104 2066 et
1131 2023 1292 2067 crebris
1330 2024 1548 2069 miraculis

131 2097 282 2141 elucet.
327 2096 464 2155 Super
505 2111 633 2155 quem
679 2097 833 2155 ingens
874 2097 1050 2141 basilica
1075 2100 1316 2142 veneranda
1341 2100 1420 2143 sub
1456 2101 1547 2145 eius

131 2172 311 2227 honore,
365 2174 417 2216 ad
468 2172 745 2217 similitudem
786 2172 946 2216 scilicet
1003 2173 1192 2217 ecclesiae
1232 2174 1344 2217 beati
1402 2176 1546 2220 Jacobi

132 2247 242 2292 miro
269 2261 398 2306 opere
424 2248 675 2301 fabricatur,
698 2249 748 2292 ad
769 2261 896 2306 quam
917 2248 1093 2292 veniunt
1113 2250 1233 2306 aegri,
1255 2257 1295 2293 et
1321 2258 1545 2304 sanantur3

132 2322 382 2367 daemoniaci
399 2323 662 2377 liberantur3
682 2322 785 2366 coeci
804 2323 1118 2377 illuminantur,
1138 2324 1277 2367 claudi
1296 2325 1544 2381 eriguntur;

133 2405 174 2442 et
191 2412 316 2442 omne
342 2398 592 2442 morborum
618 2411 753 2456 genus
779 2404 978 2450 curatur;
1010 2398 1313 2456 omnibusque,
1337 2402 1547 2456 poscenti-

134 2473 213 2517 bus
240 2474 381 2531 digne,
419 2473 610 2517 levamen
650 2472 841 2516 funditus
881 2479 1136 2530 praestatur3
1167 2484 1430 2532 quapropter
1456 2476 1547 2519 eius

133 2547 246 2592 fama
270 2548 454 2605 gloriosa
479 2548 616 2605 dignis
632 2547 856 2606 praeconiis
885 2548 1044 2605 ubique
1070 2549 1122 2591 ad
1149 2548 1303 2592 Christi
1330 2550 1458 2593 decus
1486 2551 1548 2593 di-

134 2624 344 2680 vulgatur.
366 2623 494 2668 Cuius
521 2623 724 2666 festivitas
751 2622 991 2666 celebratur
1010 2623 1134 2666 tertio
1163 2623 1258 2666 idus
1286 2626 1543 2668 novembris.

196 2698 295 2742 Inde
313 2698 424 2742 beati
453 2698 602 2742 Hilarii
627 2697 825 2756 Episcopi
846 2705 886 2741 et
912 2697 1173 2742 Confessoris
1200 2712 1356 2756 corpus
1376 2701 1551 2744 sanctis-

1392 2789 1414 2827 3
