1998 3340
778 365 987 405 ..49-

173 451 402 497 invenitur.
431 452 567 497 Habet
593 451 706 497 enim
732 451 825 495 sons
851 451 922 495 ille
948 451 991 494 in
1015 450 1121 508 pede
1146 457 1232 495 tres
1277 451 1434 508 gradus
1475 452 1582 510 lapi-

176 528 291 581 de08‚
321 542 451 586 super
489 541 596 587 quos
631 527 711 571 sita
750 533 813 570 est
854 528 1049 584 quaedam
1088 525 1379 583 pulcherrima
1424 528 1585 571 concha

175 602 356 660 lapidea,
387 603 521 648 instar
553 601 807 661 paropsidis,
837 602 900 645 vel
927 600 1113 655 baciuni‚
1144 601 1327 644 rotunda
1353 608 1393 644 et
1419 609 1585 656 cavata3

176 691 273 736 quae
307 677 434 722 etiam
469 684 582 722 tanta
608 677 806 731 habetur,
836 676 937 734 quia
968 675 1143 733 largiter
1169 682 1347 732 possunt
1381 676 1587 731 balneari,

177 760 223 797 ut
256 760 374 811 puto,
405 752 649 812 quindecim
685 752 896 796 homines.
927 751 973 794 In
1014 751 1153 794 medio
1180 751 1302 795 cuius
1330 751 1409 795 sita
1435 758 1497 795 est
1523 766 1592 795 co-

177 828 325 872 lumna
352 843 478 882 aerea,
507 827 686 872 inferius
713 841 876 885 grossa,
897 832 1060 884 septem
1086 826 1260 883 quadris
1287 833 1399 884 apta,
1429 827 1592 870 decenti

177 903 400 963 altitudine
437 904 564 961 longa
577 919 588 957 3
633 903 684 947 de
711 903 832 947 cuius
868 900 1089 946 cacumine
1133 908 1317 958 quatuor
1359 903 1595 959 procedunt

178 979 338 1034 leones,
359 993 438 1037 per
455 992 640 1037 quorum
666 992 740 1022 ora
760 984 943 1035 quatuor
968 982 1121 1020 exeunt
1145 976 1328 1034 lymphae
1347 976 1525 1021 flumina
1544 980 1592 1021 ad

178 1053 457 1108 reficiendum
484 1053 596 1098 beati
614 1053 759 1098 Jacobi
781 1052 1029 1111 peregrinos
1048 1062 1088 1095 et.
1106 1051 1230 1096 cives.
1253 1051 1354 1102 Quae
1374 1053 1500 1096 etiam
1519 1052 1597 1096 ssu-

178 1129 310 1184 mina,
339 1137 433 1188 post
459 1143 589 1187 quam
615 1128 896 1185 egrediuntur
923 1127 974 1171 ab
1002 1127 1148 1171 oribus
1176 1128 1365 1178 leonum,
1394 1128 1505 1172 illico
1533 1128 1589 1171 la-

178 1204 342 1249 buntur
366 1205 410 1248 in
437 1205 585 1249 eadem
613 1205 774 1248 concha
808 1202 1002 1256 inferius,
1034 1209 1074 1246 et
1109 1202 1264 1247 abhinc
1290 1210 1489 1248 exeuntes
1516 1218 1594 1260 per

182 1281 396 1339 quoddam
437 1279 630 1324 eiusdem
673 1279 845 1323 conchae
886 1279 1079 1322 foramen
1105 1278 1255 1322 subtus
1282 1285 1440 1322 terram
1475 1293 1592 1323 rece-

184 1357 303 1400 dunt.
351 1355 466 1400 Sicut
491 1355 624 1399 videri
651 1354 800 1412 nequit
825 1354 938 1397 unde
968 1367 1078 1411 aqua
1104 1353 1231 1407 venit,
1261 1353 1320 1398 sic
1346 1368 1425 1398 nec
1463 1354 1595 1398 videri

181 1431 288 1475 valet
321 1443 406 1488 quo
433 1429 560 1473 vadit.
593 1429 662 1472 Est
687 1435 830 1472 autem
860 1428 1033 1486 lympha
1068 1428 1139 1472 illa
1173 1428 1324 1483 dulcis,
1360 1429 1591 1483 nutribilis,

182 1519 299 1560 sana,
344 1506 474 1561 clara,
519 1504 694 1563 optima,
723 1505 873 1562 hyeme
898 1503 1048 1551 calida,
1079 1510 1222 1547 aestate
1267 1510 1513 1562 temperata.
1546 1504 1590 1547 ln

182 1581 358 1639 praefata
396 1595 498 1625 vero
526 1581 724 1624 columna
762 1580 828 1622 hae
870 1579 1022 1622 litterae
1062 1579 1230 1637 scriptae
1271 1579 1351 1623 hoc
1385 1580 1512 1623 modo
1553 1579 1594 1622 in

183 1657 348 1701 duabus
389 1656 511 1701 lineiS
552 1656 630 1700 sub
671 1654 854 1713 pedibus
880 1654 1054 1698 leonum
1082 1654 1296 1699 habentur
1335 1668 1413 1712 per
1447 1654 1598 1698 circui-

182 1738 300 1776 tum:

873 1852 907 1907 †

849 1907 933 1920 L—a.—1

310 1953 392 2000 Eyo
411 1953 636 1990 Bernardus
656 1953 756 1989 beati
772 1953 902 1989 Jacobi
921 1954 959 1989 T.
981 1954 1021 1990 S.
1047 1955 1098 1999 (id
1117 1959 1171 1990 est
1190 1956 1467 1998 Thesaurarius)

207 2013 304 2048 hanc
336 2024 479 2060 aquam
511 2014 583 2048 huc
614 2013 774 2058 adduxi,
804 2017 840 2048 et
865 2025 1022 2059 presens
1053 2025 1146 2060 opus
1181 2015 1373 2060 composui
1403 2015 1453 2049 ad
1486 2027 1577 2050 meae

403 2077 438 2108 et
463 2073 686 2108 animarum
719 2083 894 2107 ‘meorum
924 2076 1134 2117 parentum
1166 2073 1379 2108 remedium

519 2132 619 2167 AEra
644 2141 756 2177 MCLX,
778 2131 888 2167 tertio
917 2132 1004 2167 idus
1029 2132 1167 2179 aprilis
1193 2134 1257 2177 (1).

642 2306 659 2348 ἓ
675 2306 706 2339 6.
724 2323 765 2330 --
785 2305 835 2339 De
851 2305 1007 2348 paradiso
1026 2305 1142 2339 Urbis.

244 2424 340 2470 Post
367 2424 527 2469 fontem
567 2423 752 2468 habetur
792 2423 1034 2482 paradisus,
1066 2431 1113 2467 ut
1139 2424 1323 2478 divinus,
1360 2424 1600 2482 pavimento

184 2501 352 2561 lapideo
377 2501 527 2556 factus,
557 2500 602 2544 in
627 2515 712 2559 quo
740 2499 926 2544 crucillae
951 2498 1136 2557 piscium
1162 2499 1307 2544 itidem
1335 2500 1447 2544 inter
1481 2499 1601 2557 signa

233 2671 282 2717 (1)
312 2671 357 2707 11
382 2670 483 2706 avril
504 2670 623 2707 1122.
646 2670 703 2706 On
720 2669 789 2706 sait
808 2680 881 2715 que
903 2669 992 2704 l'ere
1012 2641 1209 2715 espagnole
1230 2668 1387 2703 devance
1408 2667 1452 2702 de
1471 2667 1518 2704 38
1539 2679 1603 2703 ans

184 2730 272 2766 l’ere
291 2730 467 2777 vulgaire.

1445 2807 1467 2842 4
