1998 3340
1086 396 1294 437 -34—

483 479 642 525 simum
668 481 713 524 in
745 481 911 526 Pictava
941 482 1049 526 urbe
1075 483 1332 528 visitandum
1362 491 1437 527 est.
1472 483 1565 537 Hic,
1603 484 1714 529 inter
1741 491 1898 530 caetera

483 556 707 609 miracula,
735 557 809 601 Dei
826 557 979 601 virtute
1011 558 1161 615 plenus
1192 559 1417 603 Arrianam
1451 560 1649 604 haeresim
1669 561 1896 605 devincens

477 633 685 676 unitatem
717 632 815 676 fidei
849 633 992 676 docuit
1025 633 1188 677 colere:
1220 634 1341 679 cuius
1383 649 1504 679 sacra
1537 636 1792 680 documenta
1827 637 1898 681 ille

480 707 628 752 Arrius
654 708 883 752 haereticus
904 708 1018 752 ferre
1042 723 1129 752 non
1150 710 1306 763 valens,
1327 724 1523 768 egressus
1541 712 1564 754 a
1585 711 1785 765 Concilio,
1822 726 1896 756 su-

477 797 554 840 per
594 783 793 827 latrinam
833 791 977 827 ventre
1010 791 1253 842 corruptus,
1290 799 1366 842 per
1394 786 1672 843 semetipsum
1712 786 1898 844 turpiter

476 859 595 902 obiit.
627 859 736 903 Huic
771 860 962 916 insuper,
986 859 1031 902 in
1051 859 1235 904 Concilio
1260 861 1616 919 sederecupienti‚
1653 869 1768 906 terra
1800 862 1898 906 sub-

476 942 542 978 ter
565 948 664 978 eum
692 935 860 978 elevans
886 936 1030 979 sedem
1059 934 1276 992 praestitit;
1312 936 1382 980 hic
1401 950 1517 980 seras
1550 937 1768 981 valvarum
1789 936 1897 981 Con-

476 1009 563 1053 cilii
584 1010 800 1066 solajvoce
828 1009 980 1066 fregit3
1010 1010 1080 1054 hic
1111 1011 1163 1053 ob
1190 1010 1447 1055 Catholicam
1467 1011 1594 1056 fidem
1611 1012 1893 1069 quadriennio

480 1085 603 1128 exilio
636 1086 746 1142 apud
791 1085 1020 1142 Phrygiam
1058 1085 1102 1128 in
1137 1085 1277 1129 insula
1313 1087 1496 1143 quadam
1538 1087 1752 1144 relegatus
1793 1087 1893 1141 fuit3

478 1160 548 1204 hic
591 1161 857 1217 serpentium
899 1160 1205 1204 abundantiam
1253 1175 1330 1204 suo
1371 1161 1552 1218 imperio
1596 1161 1784 1219 fugavit3
1828 1162 1898 1206 hic

476 1236 602 1279 matri
631 1236 747 1280 flenti
775 1236 818 1279 in
845 1236 1011 1279 Pictava
1031 1236 1138 1279 urbe
1168 1236 1352 1279 reddidit
1383 1242 1530 1279 natum
1565 1237 1734 1293 gemina
1757 1244 1895 1280 morte

479 1319 576 1355 ante
607 1318 843 1369 gravatum.
875 1311 1013 1368 Ipsius
1048 1324 1146 1354 vero
1179 1310 1414 1368 sepultura,
1451 1325 1536 1368 qua
1571 1311 1662 1355 eius
1699 1311 1897 1355 sacratis-

480 1388 587 1431 sima
618 1388 719 1432 Ossa
750 1388 991 1431 veneranda
1018 1386 1307 1444 requiescunt,
1350 1386 1483 1429 nimio
1512 1401 1618 1430 auro
1647 1395 1687 1430 et
1722 1393 1897 1444 argento

477 1463 780 1520 lapidibusque
806 1462 1128 1520 pretiosissimis
1151 1462 1391 1514 decoratur,
1414 1461 1601 1519 Ejusque
1620 1461 1809 1515 basilica,
1833 1462 1899 1505 in·

477 1552 581 1595 gens
609 1545 651 1581 et
683 1538 862 1595 optima,
893 1537 1056 1581 crebris
1084 1537 1302 1581 miraculis
1336 1544 1578 1581 veneratur.
1618 1537 1748 1595 Cujus
1775 1551 1895 1581 sacra

482 1613 689 1657 solemnia
717 1615 918 1657 coluntur
944 1613 1084 1656 idibus
1106 1612 1310 1670 januarii.

537 1689 642 1732 Item
668 1689 930 1732 visitandum
958 1687 1159 1732 est'beati
1184 1687 1357 1732 Joannis
1386 1687 1583 1745 Baptistae
1601 1689 1895 1733 venerandum

485 1772 626 1822 caput,
650 1765 763 1821 quod
783 1778 859 1821 per
884 1777 1037 1807 manus
1065 1763 1348 1820 quorumdam
1376 1762 1678 1819 religiosorum
1705 1763 1895 1808 virorum

482 1840 533 1883 ab
562 1838 958 1898 Hierosolymitanis
986 1838 1072 1882 oris
1095 1852 1231 1895 usque
1257 1839 1308 1881 ad
1336 1839 1493 1892 locum,
1525 1838 1597 1895 qui
1624 1847 1898 1896 nuncupatur

480 1916 724 1972 Aozyelicus,
755 1915 799 1958 in
824 1922 939 1958 terra
981 1913 1140 1957 scilicet
1167 1912 1448 1967 pictavorum,
1479 1914 1681 1957 defertur.
1713 1913 1792 1957 Ubi
1829 1914 1895 1958 in-

481 2004 584 2047 gens
611 1990 785 2034 basilica
812 1990 891 2033 sub
910 1989 1002 2033 eius
1023 1988 1297 2032 veneratione
1314 1988 1423 2031 miro
1451 2002 1579 2045 opere
1607 1987 1894 2045 componitur,

481 2067 525 2109 in
553 2081 637 2124 qua
664 2066 776 2109 idem
804 2071 930 2123 caput
956 2064 1270 2108 sanctissimum
1298 2078 1321 2107 a
1362 2071 1539 2108 centeno
1584 2063 1894 2107 monachorum

481 2143 612 2186 choro
654 2142 720 2184 die
754 2148 968 2198 noctuque
1019 2148 1261 2192 veneratur,
1304 2139 1629 2196 innumerisque
1671 2139 1893 2183 miraculis

481 2217 765 2269 clarificatum
796 2217 908 2272 quod
935 2215 1063 2258 etiam
1092 2222 1217 2272 caput
1243 2215 1344 2258 dum
1372 2215 1684 2270 deportaretur,
1716 2214 1759 2256 in
1786 2213 1895 2257 mari

483 2300 522 2336 et
540 2300 655 2336 terra
673 2291 788 2335 dedit
814 2291 936 2347 signa
963 2290 1204 2332 innumera.
1230 2289 1275 2332 In
1303 2289 1409 2332 mari
1436 2289 1550 2331 enim
1577 2290 1710 2332 multa
1729 2288 1896 2332 marina

480 2368 669 2425 pericula
704 2366 891 2423 fugavit;
925 2372 964 2408 et
990 2365 1033 2407 in
1076 2372 1205 2417 terra,
1250 2371 1296 2407 ut
1322 2364 1412 2407 eius
1448 2363 1738 2407 translationis
1765 2364 1897 2408 eodex

480 2444 626 2496 refert,
671 2443 878 2500 quosdam
921 2447 1113 2483 mortuos
1155 2440 1206 2482 ad
1232 2439 1359 2482 vitam
1395 2439 1574 2482 reduxit.
1604 2439 1694 2490 Qua
1721 2446 1898 2497 propter

480 2519 669 2563 creditur
694 2515 901 2561 veraciter
928 2516 1031 2559 illud
1069 2529 1162 2558 esse
1189 2521 1314 2572 caput
1340 2515 1618 2571 praecursoris
1645 2515 1892 2558 venerandi.

478 2596 604 2652 Cujus
630 2592 813 2636 inventio
842 2598 955 2634 sexto
983 2590 1186 2633 kalendas
1213 2589 1355 2632 martii
1383 2590 1537 2646 agitur,
1564 2597 1756 2647 tempore
1784 2589 1895 2633 Mar-

479 2670 588 2713 ciani
611 2667 836 2725 Principis,
869 2666 1039 2723 quando
1068 2665 1180 2708 idem
1210 2665 1453 2708 Praecursor
1479 2665 1646 2708 duobus
1674 2665 1895 2708 monachis

480 2747 637 2799 locum,
659 2757 744 2801 quo
772 2742 863 2800 ejus
891 2749 1018 2798 caput
1046 2741 1228 2784 celatum
1249 2740 1424 2798 jaceret,
1461 2740 1650 2798 primum
1675 2740 1890 2784 revelavit.
