1998 3340
428 602 524 646 CAP.
559 601 605 644 V.
654 627 692 633 —
727 601 787 645 De
811 599 1055 643 nominibus
1079 600 1361 657 quortcmdam
1387 599 1462 656 qui
1494 599 1602 643 beati
1633 600 1778 644 Jacobi

742 676 860 719 viam
885 674 1130 730 refecerunt.
1161 673 1468 718 AYMERICUS.

455 815 555 859 Haec
593 823 692 859 sunt
731 813 904 857 nomina
944 813 1228 870 quorumdam
1265 812 1490 866 viatorum,
1530 812 1606 870 qui
1646 820 1809 870 tempo-

402 891 522 934 ribus
559 889 697 933 Didaci
728 888 1036 946 archiepiscopi
1071 887 1287 940 Jacobitae,
1320 895 1360 931 et
1393 888 1591 932 Adefonsi
1625 890 1810 945 impera-

401 965 504 1009 toris
543 965 758 1022 Hispaniae
786 971 825 1007 et
866 963 1087 1015 Gallaeoiae,
1135 970 1173 1006 et
1201 962 1342 1006 Calixti
1369 977 1502 1020 papae,
1533 963 1642 1006 viam
1679 962 1813 1007 sancti

399 1039 546 1084 Jacobi
574 1054 598 1083 a
628 1039 890 1097 Raphanello
919 1052 1054 1096 usque
1093 1038 1143 1081 ad
1171 1045 1340 1095 pontem
1378 1038 1541 1091 Mineae,
1572 1038 1642 1095 pio
1670 1051 1815 1083 amore

404 1117 476 1160 Dei
505 1122 545 1159 et
571 1115 776 1173 Apostoli,
807 1115 912 1159 citra
948 1128 1107 1158 annum
1135 1114 1403 1159 Dominicum
1441 1127 1571 1168 MCXX,
1609 1122 1815 1172 regnante

404 1192 613 1236 Adesonso
639 1205 739 1248 rege
765 1190 949 1247 Aragoni
976 1197 1016 1234 et
1045 1190 1253 1234 Ludovico
1288 1189 1570 1247 pinguissimo
1596 1204 1696 1248 rege
1722 1190 1816 1235 Gal-

402 1267 575 1319 liarum,
607 1266 881 1309 refecerunt:
922 1265 1127 1319 Andreas,
1157 1265 1398 1322 Rotgerius‚
1437 1265 1610 1319 Alvitus,
1648 1264 1816 1318 Fortus,

405 1341 634 1393 Arnafflus,
664 1340 918 1398 Stephanus,
949 1340 1099 1384 Petrus
1126 1339 1199 1397 qui
1230 1347 1402 1398 pontem
1430 1340 1592 1392 Mineae,
1624 1354 1648 1383 a
1672 1339 1822 1397 regina

409 1416 567 1459 Urraca
593 1415 872 1470 confractum,
896 1415 1056 1459 refecit.
1082 1415 1265 1459 Istorum
1294 1415 1626 1473 adiutorumque
1644 1428 1819 1459 suorum

411 1490 567 1535 animae
594 1491 865 1548 requiescant
891 1490 935 1533 in
960 1503 1081 1548 pace.

445 1728 543 1772 CAP.
573 1727 639 1771 Vl.
669 1753 727 1759 ——
753 1727 813 1771 De
839 1726 1089 1783 fluminibus
1118 1726 1235 1769 bonis
1261 1732 1296 1770 et
1324 1726 1452 1769 malis
1476 1726 1551 1784 qui
1578 1729 1626 1770 m
1651 1727 1802 1771 itinere

617 1803 753 1846 sancti
778 1801 921 1846 Jacobz·
947 1801 1168 1845 habentur.
1207 1800 1453 1844 CALIXTUS
1479 1801 1625 1844 PAPA.

482 1944 580 1988 Haec
622 1949 719 1987 sunt
758 1942 951 1995 flumina,
982 1955 1077 1999 quae
1118 1955 1141 1985 a
1178 1941 1371 1999 portibus
1411 1941 1562 1986 Ciserae
1603 1948 1644 1986 et
1681 1941 1831 1999 Asperi

426 2033 561 2076 usque
587 2019 638 2061 ad
666 2024 856 2061 sanctum
884 2017 1088 2060 Jacobum
1116 2017 1342 2059 hahentur.

485 2093 538 2136 De
584 2092 776 2149 portibus
819 2091 965 2149 Asperi
1012 2091 1202 2148 procedit
1248 2104 1398 2134 sanum
1441 2090 1615 2143 flumen,
1660 2091 1831 2135 nomine

424 2169 660 2224 Aragonus,
691 2168 802 2224 quod
830 2166 1078 2223 Hispaniam
1100 2166 1263 2222 irrigat.
1292 2167 1349 2209 De
1376 2166 1569 2223 portibus
1596 2179 1693 2208 vero
1721 2166 1833 2209 Cise-

427 2243 511 2286 reis
538 2242 698 2285 flumen
724 2255 873 2285 sanum
901 2241 1133 2297 egreditur,
1164 2242 1275 2298 quod
1304 2255 1327 2284 a
1361 2241 1504 2284 multis
1531 2241 1651 2283 Runa
1679 2241 1835 2284 dicitur

429 2324 469 2361 et
513 2317 701 2360 decurrit
741 2316 1074 2373 Pampiloniam3
1117 2318 1167 2359 ad
1196 2317 1368 2359 Pontem
1405 2316 1576 2372 Reginae
1602 2317 1835 2359 decurrunt

427 2394 536 2449 Arga
578 2392 704 2434 simul
743 2398 782 2435 et
823 2391 958 2434 Runa.
990 2392 1046 2434 Ad
1084 2393 1241 2435 Locum
1282 2391 1355 2448 qui
1391 2391 1546 2434 dicitur
1587 2392 1716 2435 Lorca
1753 2391 1835 2448 (1),

425 2467 472 2510 in
508 2466 701 2530 orientali
744 2473 862 2523 parte
906 2467 1093 2510 decurrit
1142 2467 1317 2519 ssumen,
1360 2467 1474 2523 quod
1515 2466 1669 2510 dicitur
1709 2465 1837 2510 Rivus

427 2542 623 2586 Salatus:
660 2541 719 2583 ibi
747 2555 793 2584 os
821 2555 980 2598 equum
1008 2549 1127 2585 tuum
1166 2542 1357 2595 observa,
1388 2541 1490 2599 quia
1526 2540 1689 2585 flumen
1714 2540 1837 2585 lethi-

471 2689 522 2735 (1)
542 2690 669 2735 Lorca,
694 2690 825 2736 aupres
848 2689 892 2724 de
914 2689 1041 2727 Laear.
