1998 3340
731 351 936 391 —13—

131 438 232 482 dere
258 437 426 492 navim3
462 438 577 496 quia,
607 437 641 481 si
677 437 806 482 nimis
832 444 1006 482 onerata
1030 437 1175 490 suerit,
1205 437 1287 481 cito
1327 437 1539 495 periclita-

131 513 261 558 bitur.
316 513 553 557 Multotiens
596 512 722 557 etiam
773 519 931 556 tantam
983 511 1309 570 peregrinorum
1352 519 1536 557 turmam

131 596 286 643 nautae,
316 596 487 647 accepto
527 588 680 647 pretio,
711 588 955 642 admittunt,
994 589 1104 646 quod
1135 589 1252 632 navis
1279 589 1536 632 subvertitur

131 670 173 707 et
212 663 427 721 peregrini
468 664 512 706 in
553 664 701 721 pelago
745 670 983 717 necantur3
1012 664 1124 707 unde
1162 669 1302 707 nautae
1340 664 1538 721 nequiter

130 739 315 796 gaudent
341 739 474 795 captis
501 745 767 783 mortuorum
794 738 958 795 spoliis.

189 814 291 858 Inde
327 803 437 858 circa
478 822 624 872 portus
666 813 854 858 Cisereos
894 814 1076 858 habetur
1115 814 1238 857 tellus
1274 813 1537 867 Basclorum,

131 889 293 933 habens
313 891 463 933 urbem
491 889 693 932 Baionam
713 889 756 931 in
782 889 995 933 maritima
1011 902 1158 932 versus
1186 888 1536 946 septentrionem.

132 963 230 1008 Haec
256 971 368 1008 terra
393 965 538 1022 lingua
565 964 749 1008 barbara
774 964 985 1017 habetur;
1021 977 1263 1017 nemorosa,
1293 969 1537 1018 montuosa,

131 1052 240 1095 pane
267 1047 306 1096 et
327 1039 424 1083 vino
453 1039 737 1096 omnibusque
762 1038 1057 1096 corporalibus
1084 1038 1296 1082 alimentis
1323 1039 1509 1082 desolata
1525 1054 1535 1093 ;

131 1121 303 1171 excepto
329 1115 443 1172 quod
473 1115 585 1157 malo
611 1121 651 1157 et
677 1114 813 1158 cicera
839 1122 879 1157 et
904 1115 1011 1157 lacte
1037 1121 1100 1157 est
1125 1114 1355 1157 consolata.
1376 1114 1422 1157 In
1455 1114 1538 1158 hac

131 1195 245 1232 terra
282 1189 380 1232 mali
418 1189 623 1246 portigeri
666 1189 893 1242 habentur,
924 1188 1083 1232 scilicet
1114 1188 1226 1232 circa
1253 1195 1401 1245 portus
1427 1189 1539 1233 Gisc-

128 1277 227 1306 reos
270 1263 355 1321 [in]
403 1264 498 1307 villa
538 1278 633 1321 quae
685 1264 840 1307 dicitur
879 1263 1132 1316 Hostavalla,
1183 1270 1222 1306 et
1261 1264 1357 1306 villa
1407 1263 1539 1307 sancti

127 1337 301 1382 Joannis
344 1345 385 1382 et
424 1339 554 1382 sancti
596 1338 809 1381 Michaelis
850 1338 968 1395 pedis
1012 1346 1214 1395 portuum
1249 1338 1416 1382 Ciscrae.
1460 1338 1538 1389 Qui

128 1412 298 1469 penitus
319 1413 576 1455 damnantur
598 1427 606 1454 ;
637 1420 790 1456 exeunt
809 1413 975 1456 obviam
993 1413 1230 1470 peregrinis
1259 1427 1353 1457 cum
1375 1414 1540 1457 duobus

129 1495 203 1531 aut
229 1487 368 1530 tribus
390 1487 560 1544 jaculis,
601 1488 759 1532 tributa
785 1488 943 1546 injusta
979 1488 1017 1530 vi
1048 1488 1293 1545 capientes:
1331 1495 1371 1531 et
1405 1488 1539 1546 siquis

129 1562 458 1616 transeuntium,
489 1564 724 1606 secundum
752 1577 902 1606 eorum
929 1563 1192 1620 petitionem,
1222 1577 1419 1606 nummos
1458 1563 1539 1607 illis

130 1639 230 1681 dare
257 1638 456 1692 noluerit,
490 1646 532 1681 et
552 1638 705 1696 jaculis
732 1638 852 1682 illum
873 1637 1118 1695 percutiunt
1144 1645 1184 1681 et
1210 1652 1384 1682 censum
1411 1639 1463 1681 ab
1491 1652 1539 1682 eo

129 1713 328 1757 auferunt
354 1713 654 1770 exprobrantes
681 1713 802 1757 illum
823 1721 862 1756 et
889 1727 1025 1770 usque
1053 1714 1103 1757 ad
1124 1713 1367 1757 femoralias
1394 1714 1540 1771 exqui-

129 1795 286 1832 rentes.
309 1788 392 1845 Ipsi
419 1794 517 1831 sunt
535 1788 698 1832 feroces
719 1803 729 1842 ;
760 1794 800 1831 et
826 1795 956 1841 terra,
977 1788 1021 1831 in
1048 1802 1178 1846 quam
1199 1795 1536 1841 commorantur,

129 1863 246 1907 ferox
283 1869 324 1906 et
349 1862 552 1906 silvestris
579 1869 620 1905 et
645 1863 829 1907 barbara
855 1863 1053 1907 habetur.
1084 1863 1113 1906 F
1118 1864 1298 1907 crocitas
1328 1863 1536 1918 vultuum,

130 1937 515 1995 similitudinesque
542 1937 700 1994 linguae
733 1937 928 1981 barbarae
961 1951 1127 1992 eorum,
1157 1938 1284 1981 corda
1308 1937 1540 1981 videntium

129 2013 223 2058 illos
249 2014 497 2071 expavescit.
530 2013 635 2057 Cum
664 2026 750 2057 non
777 2014 958 2057 debeant
983 2015 1063 2058 rite
1094 2014 1286 2071 accipere
1313 2014 1536 2067 tributum,

129 2089 211 2133 nisi
251 2103 275 2132 a
300 2089 610 2132 mercatoribus
646 2095 841 2142 tantum;
871 2103 895 2132 a
921 2088 1160 2146 peregrinis
1195 2095 1234 2131 et
1262 2089 1313 2131 ab
1341 2088 1541 2132 omnibus

130 2165 447 2209 transeuntibus
499 2165 652 2208 iniuste
704 2165 931 2222 accipiunt.
985 2163 1159 2214 Quando
1211 2164 1364 2207 debent
1424 2177 1542 2207 more

131 2241 325 2297 accipere
352 2241 402 2283 dc
429 2241 619 2297 qualibet
640 2254 685 2282 re
713 2247 896 2296 quatuor
922 2253 1119 2282 nummos
1143 2239 1203 2282 vel
1232 2253 1329 2292 sex3
1361 2247 1453 2282 octo
1481 2240 1542 2282 vel

132 2315 370 2368 duodecim,
415 2315 593 2371 duplum
637 2314 810 2367 scilicet,
855 2314 1043 2370 capiunt.
1088 2314 1356 2371 Quapropter
1392 2315 1542 2370 praeci-

132 2392 273 2448 pimus
313 2397 351 2432 et
394 2403 617 2432 exoramus
652 2396 697 2432 ut
734 2389 778 2431 hi
815 2389 1028 2445 portageri
1065 2397 1104 2432 et
1146 2403 1217 2432 rex
1258 2389 1541 2445 Aragonensis

132 2465 358 2522 caeterique
401 2464 565 2517 divites,
608 2464 680 2521 qui
713 2463 860 2507 tributi
898 2463 1099 2520 pecunias
1134 2465 1186 2507 ab
1214 2464 1274 2506 eis
1311 2464 1538 2520 accipiunt,

132 2553 364 2597 omnesque
406 2539 575 2582 illorum
615 2538 943 2592 consentientes,
981 2538 1140 2581 scilicet
1175 2538 1451 2595 Raymundus
1489 2539 1540 2581 de

133 2615 239 2658 Solis
278 2622 319 2658 et
356 2614 552 2657 Vivianus
589 2615 640 2656 de
675 2616 929 2656 Acromonte
966 2619 1006 2656 et
1032 2612 1272 2656 Vicecornes
1307 2614 1356 2655 de
1398 2619 1541 2655 sancto

133 2689 330 2733 Michaele
372 2702 470 2732 cum
506 2688 667 2732 cunctis
702 2687 919 2746 progeniis
955 2687 1044 2731 suis
1079 2687 1285 2740 venturis,
1322 2700 1406 2730 una
1445 2700 1541 2730 cum
