1998 3340
1030 380 1083 402 —2
1108 372 1161 412 30
1188 397 1239 402 —

429 457 551 502 nardi
599 471 755 515 corpus
796 457 981 511 habere;
1030 472 1126 502 cum
1167 459 1284 502 nullo
1326 458 1451 501 modo
1482 457 1547 501 vel
1579 456 1760 515 paucius
1797 471 1844 502 os

430 533 591 577 ossium
619 533 728 586 eius,
758 533 821 577 vel
850 533 1002 590 pulvis,
1023 540 1071 576 ut
1088 534 1359 590 praediximus
1387 540 1516 590 queat
1541 533 1720 576 moveri„
1750 533 1846 577 Cor-

433 607 700 652 biniacenses
719 622 836 662 vero,
859 608 1017 666 aliique
1035 609 1173 662 multi,
1205 609 1296 666 ejus
1323 608 1542 653 beneficiis
1560 615 1600 651 et
1626 608 1845 652 miraculis

432 683 646 737 ditantur3
677 685 748 727 sed
782 684 917 741 ipsius
945 684 1156 741 corporali
1184 685 1408 740 praesentia
1445 683 1720 727 frustrantur.
1750 683 1844 738 Qui,

433 773 531 803 cum
558 759 650 803 eius
676 773 833 816 corpus
859 759 1019 803 habere
1047 772 1132 803 non
1159 760 1411 816 potuissent,
1441 772 1598 816 corpus
1624 759 1847 802 cuiusdam

432 834 511 878 viri
538 834 713 886 nomine
740 834 951 888 Leotardi‚
981 836 1094 892 quod
1131 834 1182 878 ab
1220 834 1306 878 oris
1342 833 1717 891 Andegavensibus
1743 832 1849 877 dici-

435 916 505 953 tur
548 909 628 952 sibi
670 910 813 952 afferri
852 909 896 952 in
936 923 1034 953 arca
1074 916 1276 966 argentea
1315 910 1568 968 repositum,
1599 922 1677 966 pro
1703 914 1849 951 sancto

436 985 653 1027 Leonardo
685 985 973 1029 Lemovicensi
1000 986 1170 1036 colunt;
1200 985 1268 1029 cui
1293 986 1420 1029 etiam
1446 997 1604 1028 nomen
1625 983 1851 1042 proprium

437 1065 648 1103 mutantes
690 1068 784 1116 post
825 1060 1003 1114 obitum,
1050 1061 1171 1117 quasi
1214 1067 1324 1104 esset
1355 1061 1511 1104 iterum
1553 1059 1849 1116 baptizandus,

437 1134 570 1178 sancti
596 1135 805 1179 Leonardi
831 1149 989 1179 nomen
1014 1135 1329 1192 imposuerunt,
1358 1142 1405 1178 ut
1441 1134 1640 1192 opinione
1668 1134 1773 1177 tanti
1807 1147 1855 1177 ac

436 1210 589 1253 famosi
615 1210 817 1264 nominis,
847 1211 1007 1255 scilicet
1024 1210 1157 1254 sancti
1178 1210 1386 1254 Leonardi
1406 1209 1717 1254 Lemovicensis
1736 1222 1856 1266 pere-

438 1285 549 1342 grini
576 1285 676 1329 illuc
702 1286 964 1340 advenirent,
1009 1293 1050 1330 et
1075 1286 1163 1330 suis
1205 1285 1491 1330 oblationibus
1519 1286 1612 1330 illos
1640 1287 1851 1340 ditarent;

439 1360 560 1404 cuius
587 1360 741 1404 festum
769 1360 911 1405 idibus
952 1361 1136 1405 octobris
1164 1362 1321 1405 colunt.
1355 1360 1476 1404 Prius
1505 1362 1555 1404 de
1582 1369 1726 1406 sancto
1753 1362 1857 1405 Leo-

440 1435 574 1478 nardo
632 1436 919 1479 Lemovicensi
961 1450 1062 1479 suae
1111 1436 1296 1480 basilicae
1339 1438 1607 1480 advocatum·
1633 1437 1855 1487 fecerunt;

441 1509 594 1553 deinde
621 1510 751 1554 alium
769 1511 812 1553 in
841 1512 932 1555 loco
952 1512 1044 1555 eius
1063 1519 1312 1568 posuerunt,
1336 1525 1453 1555 more
1481 1525 1702 1556 servorum
1729 1526 1859 1555 aemu-

446 1585 602 1639 lorum,
641 1586 714 1643 qui
746 1586 966 1644 propriam
1002 1587 1294 1630 haereditatem
1323 1601 1346 1630 a
1372 1586 1544 1630 domino
1573 1601 1649 1630 suo
1675 1587 1710 1630 vi
1740 1587 1858 1630 aufe-

446 1669 561 1714 runt,
592 1669 632 1705 et
658 1661 796 1706 alieno
824 1661 998 1718 indigne
1019 1662 1236 1705 tribuunt:
1268 1662 1427 1706 similes
1455 1662 1583 1705 etiam
1611 1663 1722 1706 malo
1749 1662 1860 1718 patri

448 1737 662 1779 habentur
697 1736 769 1794 qui
805 1736 936 1780 filiam
974 1750 1095 1780 suam
1137 1752 1161 1780 a
1197 1736 1386 1793 legitimo
1428 1750 1582 1793 sponso
1623 1737 1776 1791 aufert,
1823 1745 1863 1780 et

445 1811 566 1855 alteri
595 1812 759 1855 tribuit.
789 1812 1078 1866 ditataverunt,
1108 1812 1246 1870 inquit
1273 1812 1510 1865 Psalmista‚
1532 1812 1716 1869 ylariam
1739 1826 1863 1855 suam

448 1888 496 1930 in
535 1887 865 1931 similitudinem
898 1888 1045 1931 vituli.
1084 1888 1201 1930 Talia
1244 1887 1461 1940 facientes,
1493 1888 1666 1945 quidam
1695 1887 1863 1944 sapiens

449 1963 643 2020 corripit,
673 1962 817 2006 dicens
839 1978 847 2006 :
885 1963 978 2006 Non
1003 1964 1072 2006 des
1097 1963 1251 2006 alienis
1278 1963 1473 2006 honorem
1501 1968 1636 2006 tuum.
1665 1962 1864 2007 Oratores

450 2052 635 2096 namque
682 2039 855 2081 barbari
897 2047 933 2082 et
981 2039 1200 2082 domestici
1260 2039 1360 2082 illuc
1402 2039 1686 2092 advenientes,
1732 2037 1864 2082 sancti

454 2114 664 2157 Leonardi
691 2128 863 2175 corpus,
903 2115 1014 2171 quod
1044 2114 1226 2171 diligunt
1266 2121 1417 2171 putant
1443 2114 1654 2167 invenire3
1685 2121 1725 2157 et
1762 2114 1866 2157 alte-

453 2206 551 2236 rum
593 2205 670 2250 pro
712 2191 844 2234 altero
873 2191 1118 2248 ignorantes
1164 2191 1399 2249 reperiunt.
1447 2191 1712 2248 Quicumque
1754 2190 1864 2248 apud

455 2267 753 2312 Corbiniacum
798 2266 1004 2310 miracula
1046 2266 1186 2319 faciat,
1233 2274 1374 2310 tamen
1427 2267 1573 2310 beatus
1622 2266 1868 2309 Leonardus

456 2342 766 2387 Lemovicensis
793 2351 951 2398 captos,
983 2342 1176 2399 quamvis
1213 2344 1235 2385 a
1269 2342 1458 2385 dominio
1485 2341 1673 2385 ecclesiae
1697 2341 1869 2388 illorum

457 2419 510 2462 sit
536 2418 759 2471 alienatus,
801 2417 1007 2460 deliberat
1034 2425 1074 2460 et
1101 2417 1159 2460 ibi
1187 2417 1371 2461 adducit.
1403 2417 1521 2461 Unde
1550 2416 1708 2475 duplici
1748 2417 1872 2473 culpa

457 2493 808 2538 Corbiniacences
834 2493 1087 2550 religantur,
1120 2492 1322 2550 quoniam
1349 2492 1470 2536 illum
1498 2492 1571 2550 qui
1613 2491 1701 2535 suis
1737 2491 1872 2535 mira-

458 2569 563 2613 culis
604 2569 697 2612 illos
739 2575 989 2612 venerantes
1031 2568 1150 2621 ditat,
1197 2568 1374 2611 minime
1425 2574 1753 2624 recognoscunt,
1795 2580 1874 2610 nec

460 2645 586 2687 etiam
624 2644 716 2687 eius
758 2643 861 2687 festa
905 2643 1137 2697 celebrant,
1183 2644 1257 2687 sed
1283 2643 1466 2686 alterum
1494 2656 1571 2699 pro
1600 2642 1671 2685 illo
1709 2642 1873 2685 inordi-

461 2727 556 2764 nate
583 2720 741 2763 colunt.
766 2718 881 2762 Beati
908 2718 1040 2775 igitur
1058 2718 1268 2762 Leonardi
1287 2718 1544 2763 confessoris
1563 2716 1874 2762 Lemovicensis
