1998 3340
1029 383 1239 424 ,22-

420 470 483 512 vel
518 469 651 513 laicus
693 469 819 514 alicui
867 470 1078 514 sacerdoti
1116 471 1333 515 celebrare
1376 472 1524 515 devote
1564 470 1726 524 fecerit,
1769 469 1833 514 vel

417 544 665 600 psalterium
686 544 866 588 clericus
888 544 1056 601 legerit,
1073 546 1278 589 veraciter
1296 546 1500 603 piosillos
1519 546 1737 589 defunctos
1756 543 1830 602 qui

415 619 474 661 ibi
497 619 653 676 jacent,
684 633 770 663 suae
807 620 1049 663 salvationis
1087 620 1304 664 adiutores
1338 621 1380 663 in
1421 620 1651 664 novissima
1686 634 1832 664 resur-

415 694 604 738 rectione
630 709 774 738 coram
803 695 888 738 Deo
915 695 1102 738 habebit.
1139 696 1264 738 Multa
1290 696 1405 739 enim
1446 702 1691 739 sanctorum
1718 708 1832 738 mar-

417 776 555 827 tyrum
595 778 635 813 et
677 771 974 814 confessorum
1003 784 1185 828 corpora
1218 771 1274 813 ibi
1318 771 1608 828 requiescunt,
1644 783 1831 827 quorum

416 845 569 888 animae
594 845 637 888 in
673 845 940 902 paradisiaca
982 848 1080 889 sede
1122 847 1404 902 congaudent.
1455 846 1615 889 Eorum
1645 858 1833 902 namque

415 920 763 964 commemoratio
807 927 902 977 post
941 920 1113 964 Octavas
1158 921 1341 975 Paschae,
1371 922 1556 965 secunda
1583 919 1689 964 feria
1714 934 1833 964 more

415 996 670 1039 celebratur.

475 1073 578 1116 Item
621 1073 731 1116 beati
774 1072 944 1129 2Egidii,
986 1073 1166 1130 piissimi
1208 1073 1464 1117 confessoris
1505 1081 1632 1130 atque
1667 1072 1833 1116 abbatis

414 1162 569 1205 corpus
588 1148 887 1205 dignissimum
915 1162 1189 1204 summopere
1215 1148 1403 1205 vigilanti
1432 1149 1553 1191 oculo
1573 1148 1832 1192 visitandum

415 1231 491 1266 est.
532 1223 808 1267 Beatissimus
850 1237 1035 1280 namque
1062 1223 1252 1280 AEgidius
1289 1237 1365 1280 per
1403 1231 1554 1266 cuncta
1592 1224 1723 1267 cosmi
1758 1223 1832 1267 cli-

415 1306 527 1341 mata
563 1299 890 1352 famosissimus,
935 1299 1133 1342 omnibus
1175 1299 1458 1351 venerandus,
1506 1299 1669 1342 cunctis
1707 1299 1835 1356 digne

413 1374 709 1427 celebrandus,
754 1375 954 1418 omnibus
982 1374 1239 1432 diligendus,
1278 1374 1527 1431 cunctisque
1556 1374 1831 1427 invocandus,

414 1449 700 1507 omnibusque
741 1457 803 1493 est
844 1451 1066 1507 petendus.
1117 1450 1214 1493 Post
1254 1450 1490 1507 Prophetas
1534 1457 1573 1493 et
1613 1450 1834 1508 Apostolos

416 1537 539 1567 nemo
567 1525 638 1568 illo
681 1526 793 1568 inter
819 1532 992 1569 caeteros
1036 1534 1202 1570 sanctos
1244 1525 1429 1582 dignior,
1458 1539 1584 1568 nemo
1628 1524 1830 1579 sanctior,

416 1613 539 1643 nemo
567 1600 809 1657 gloriosior,
830 1615 954 1644 nemo
982 1601 1135 1644 auxilio
1154 1601 1362 1644 velocior:
1395 1601 1484 1657 ipse
1513 1601 1626 1644 enim
1646 1614 1734 1657 prae
1753 1614 1832 1644 cae-

416 1675 516 1718 teris
544 1676 700 1719 sanctis
726 1676 911 1720 velocius
938 1677 1041 1720 usus
1069 1684 1132 1719 est
1157 1675 1357 1719 adiuvare
1384 1682 1556 1732 egentes
1583 1682 1624 1718 et
1654 1675 1834 1719 afflictos

416 1757 455 1793 et
483 1751 745 1807 angustiatos
773 1751 852 1794 sibi
881 1752 1127 1795 clamantes.
1152 1751 1183 1795 Ο
1210 1764 1338 1808 quam
1367 1751 1597 1807 pulchrum
1626 1758 1666 1794 et
1693 1764 1835 1808 operae

415 1825 651 1882 pretiosum
679 1826 770 1869 eius
795 1826 965 1870 visitare
1003 1826 1306 1884 sepulchrum!
1344 1826 1419 1869 Die
1451 1840 1563 1879 vero,
1604 1840 1687 1883 qua
1714 1826 1831 1869 illum

416 1900 511 1957 quis
540 1909 623 1944 toto
651 1903 778 1945 corde
805 1903 1057 1958 deprecatus
1083 1901 1226 1955 suerit,
1250 1901 1532 1958 proculdubio
1559 1901 1729 1945 adiutus
1747 1901 1835 1944 seli-

416 1975 520 2018 citer
547 1977 643 2019 erit.
674 1977 722 2019 ln
748 1977 999 2034 memetipso
1017 1976 1191 2034 probavi
1213 1990 1323 2034 quae
1342 1976 1409 2019 aio
1431 1991 1439 2019 :
1461 1976 1544 2019 vidi
1563 1976 1664 2019 olim
1683 1990 1834 2034 quem-
1868 1975 1871 1976 ⁷

416 2050 513 2093 dam
539 2051 582 2093 in
609 2051 800 2095 eiusdem
828 2052 937 2105 villa,
959 2052 1030 2109 qui
1060 2053 1126 2094 die
1155 2066 1238 2109 qua
1258 2052 1378 2095 illum
1405 2051 1626 2104 invocavit,
1656 2065 1679 2094 a
1707 2053 1833 2095 domo

416 2125 639 2168 cuiusdam
658 2125 813 2169 Peiroti
833 2127 1007 2178 sutoris,
1022 2127 1223 2170 subsidiis
1250 2127 1361 2171 beati
1383 2126 1652 2179 confessoris,
1674 2127 1831 2181 evasit;

416 2214 511 2256 quae
545 2200 704 2243 scilicet
731 2200 882 2244 domus
911 2201 1194 2244 vetustissima
1222 2201 1391 2259 penitus
1419 2201 1634 2244 confracta
1660 2201 1830 2245 cecidit.

415 2273 517 2324 Quis
544 2274 676 2331 igitur
703 2275 888 2331 amplius
916 2275 1006 2319 eius
1042 2276 1199 2319 videbit
1224 2276 1400 2319 limina!
1441 2275 1542 2327 Quis
1571 2276 1703 2319 Deum
1732 2277 1824 2320 ado·

414 2350 526 2393 rabit
553 2350 596 2392 in
623 2349 716 2393 eius
743 2351 1029 2394 sacratissima
1055 2351 1254 2395 basilica!
1285 2350 1385 2402 Quis
1411 2351 1595 2408 amplius
1622 2351 1714 2396 eius
1743 2366 1833 2395 am-

414 2425 654 2482 plexabitur
681 2426 1018 2483 sarcophagum!
1049 2426 1149 2477 Quis
1169 2425 1432 2470 osculabitur
1449 2426 1541 2470 eius
1559 2427 1694 2470 altare
1714 2441 1835 2470 vene-

414 2501 598 2544 randum
621 2501 628 2543 !
668 2502 747 2544 Aut
783 2501 876 2558 quis
904 2502 994 2544 eius
1021 2502 1149 2545 vitam
1178 2501 1417 2559 piissimam
1445 2501 1690 2545 enarrabit!
1734 2501 1833 2546 Eius

414 2588 599 2632 namque
627 2576 814 2619 tunicam
851 2590 962 2633 aeger
989 2577 1142 2627 induit,
1181 2584 1219 2620 et
1258 2584 1456 2629 sanatur3
1502 2577 1638 2633 ipsius
1676 2576 1832 2620 virtute

413 2650 684 2694 indeficiente
727 2651 900 2708 quidam
944 2666 967 2694 a
1013 2659 1210 2709 serpente
1237 2665 1465 2708 percussus
1495 2659 1695 2703 sanatur·‚
1724 2651 1833 2695 alius

413 2733 610 2784 arreptus
639 2741 661 2769 a
690 2727 900 2770 daemonio
929 2728 1152 2777 liberatum
1197 2734 1426 2784 tempestas
1466 2726 1633 2770 marina
1669 2733 1830 2777 cessat;
