1998 3340
1050 407 1260 448 -18-

446 507 577 538 vacua
628 500 668 537 et
718 501 934 551 corrupta,
988 493 1232 548 libidinosa,
1277 495 1461 548 ebriosa,
1506 495 1623 539 omni
1661 495 1862 540 violentia

447 570 584 623 docta,
627 569 744 613 ferox
783 576 823 613 et
861 569 1090 628 sylvestris,
1118 569 1314 627 improba
1353 577 1394 615 et
1427 571 1626 629 reproba,
1663 570 1796 629 impia
1822 578 1860 615 et

445 652 630 699 austera,
668 644 760 688 dira
795 651 836 689 et
863 645 1142 699 contentiosa,
1188 645 1287 690 ullis
1321 646 1444 690 bonis
1483 646 1658 700 inculta,
1699 647 1862 691 cunctis

443 720 553 764 vitiis
595 727 636 764 et
675 720 973 778 iniquitatibus
1009 721 1171 773 edocta,
1211 721 1323 765 Getis
1364 729 1402 766 et
1439 721 1684 766 Sarracenis
1720 722 1860 766 consi-

442 797 571 850 milis,
607 795 769 840 malitia
807 802 965 840 nostrae
998 795 1114 853 genti
1143 796 1312 840 Gallicae
1348 797 1391 840 in
1430 797 1628 841 omnibus
1654 796 1856 849 inimica;

441 885 525 930 pro
548 885 632 915 uno
659 884 837 915 nummo
863 878 1044 925 tantum,
1071 871 1244 929 perimit
1269 871 1482 916 Navarrus
1511 879 1582 916 aut
1607 872 1795 926 BascluS‚
1825 872 1860 916 si

441 953 595 1005 potest,
637 946 859 990 Gallicum.
900 947 946 990 In
974 946 1229 1004 quibusdam
1266 948 1352 991 oris
1387 949 1652 1002 eorumdem,
1693 948 1737 990 in
1771 947 1861 992 Bis-

406 1048 419 1063 .
439 1022 559 1080 cagia
586 1021 747 1066 scilicet
778 1029 818 1066 et
844 1022 985 1076 Alava,
1009 1023 1111 1066 dum
1138 1022 1315 1066 Navarri
1342 1036 1387 1067 se
1413 1023 1662 1067 calefaciunt
1691 1023 1769 1080 (1),
1798 1023 1863 1066 vir

441 1097 612 1142 mulieri
655 1105 695 1141 et
733 1097 890 1142 mulier
932 1097 1021 1141 viro
1063 1098 1246 1141 verenda
1285 1112 1362 1142 sua
1399 1099 1641 1142 ostendunt.
1683 1098 1860 1142 Navarri

441 1173 569 1217 etiam
621 1181 801 1217 utuntur
852 1172 1132 1216 fornicatione
1193 1173 1350 1217 incesta
1401 1174 1668 1230 pecudibus;
1720 1188 1858 1218 seram

439 1249 555 1292 enim
581 1249 795 1293 Navarrus
822 1250 871 1292 ad
911 1248 1039 1291 mulae
1067 1262 1155 1292 suae
1183 1255 1223 1292 et
1250 1262 1374 1306 equae
1412 1249 1652 1306 posteriora
1678 1263 1861 1306 suspen-

438 1326 539 1368 dere
581 1325 738 1368 dicitur
781 1339 834 1368 ne
876 1325 987 1369 alius
1031 1327 1219 1378 accedat,
1263 1325 1335 1367 sed
1394 1324 1515 1382 ipse;
1557 1325 1690 1368 vulvae
1731 1324 1858 1368 etiam

438 1400 633 1444 mulieris
661 1407 701 1444 et
728 1400 855 1444 mula}
882 1400 1000 1444 basia
1026 1400 1189 1458 praebet
1214 1399 1470 1452 libidinosa;
1506 1406 1767 1457 quapropter
1801 1400 1853 1444 ab

438 1476 638 1520 omnibus
665 1475 812 1533 peritis
839 1483 937 1519 sunt
963 1475 1221 1533 corripiendi
1243 1474 1436 1518 Navarri.
1460 1475 1508 1518 In
1535 1488 1688 1533 campo
1713 1482 1858 1519 tamen

441 1552 537 1596 belli
567 1551 692 1609 probi
719 1552 964 1604 habentur3
1006 1552 1057 1594 ad
1086 1550 1361 1594 assiliendum
1399 1563 1597 1607 campum
1637 1550 1853 1608 improbi;

436 1627 480 1670 in
507 1627 683 1671 decimis
711 1627 860 1670 dandis
902 1625 1099 1683 legitimi,
1142 1625 1185 1668 in
1227 1624 1513 1668 oblationibus
1547 1625 1746 1668 altarium
1789 1638 1856 1669 as—

437 1703 546 1748 sueti
576 1703 870 1761 approbantur
899 1717 907 1745 :
946 1694 1038 1759 per'
1064 1714 1330 1759 unumquem
1360 1700 1473 1744 enini
1502 1700 1630 1754 diem,
1660 1701 1762 1744 dum
1803 1701 1855 1744 ad

438 1779 659 1823 ecclesiam
687 1778 899 1822 Navarrus
936 1777 1063 1830 vadit,
1095 1783 1167 1820 aut
1192 1776 1329 1834 panis,
1360 1783 1432 1819 aut
1466 1775 1567 1829 vini,
1599 1782 1672 1819 aut
1707 1775 1850 1831 tritici,

437 1863 511 1898 aut
550 1853 730 1898 alicuius
771 1852 1019 1896 substantia}
1047 1851 1305 1896 oblationem
1333 1851 1415 1894 Deo
1444 1851 1557 1895 facit.
1587 1850 1854 1909 Ubicumque

436 1930 651 1974 Navarrus
685 1936 757 1972 aut
795 1929 967 1972 Basclus
994 1927 1149 1986 pergit,
1180 1940 1314 1970 cornu
1342 1933 1388 1970 ut
1424 1932 1600 1970 venator
1626 1926 1734 1969 collo
1760 1940 1852 1970 sus-

435 2005 613 2063 pendit3
663 2011 704 2048 et
740 2005 822 2047 duo
861 2003 1004 2061 jacula
1045 2009 1119 2046 aut
1156 2001 1253 2056 tria,
1285 2016 1380 2059 quae
1424 2015 1605 2045 auconas
1638 2007 1774 2055 vocat,
1805 2015 1854 2045 ex

435 2095 553 2125 more
581 2080 778 2124 manibus
806 2079 926 2122 tollit.
957 2079 1146 2136 Cumque
1175 2079 1350 2121 domum
1373 2077 1612 2134 ingreditur
1641 2083 1680 2120 et
1705 2090 1851 2134 regre-

433 2157 565 2209 ditur,
595 2168 669 2198 ore
706 2153 847 2198 sibilat
872 2160 919 2197 ut
959 2152 1138 2205 milvus3
1180 2160 1220 2196 et
1246 2153 1347 2196 dum
1375 2152 1418 2195 in
1457 2152 1631 2196 secretis
1659 2152 1761 2195 locis
1787 2152 1852 2196 vel

433 2232 477 2274 in
513 2229 831 2281 solitudinibus,
873 2228 1115 2285 rapacitatis
1157 2241 1299 2281 causa,
1338 2228 1472 2271 latens
1514 2227 1650 2270 socios
1683 2226 1850 2270 silentio

432 2319 663 2351 convocare
698 2304 924 2355 desiderat,
965 2304 1028 2347 vel
1054 2316 1174 2346 more
1215 2302 1398 2346 bubonis
1425 2309 1580 2356 cantat,
1616 2303 1682 2346 vel
1716 2302 1850 2346 instar

429 2382 520 2440 lupi
546 2382 695 2425 ululat.
726 2379 853 2423 Tradi
881 2379 987 2422 solet
1013 2379 1108 2421 illos
1135 2392 1184 2422 ex
1211 2391 1368 2435 genere
1394 2377 1650 2422 Scotborum
1678 2379 1849 2422 descen-

429 2458 557 2511 disse,
587 2470 665 2514 pro
699 2469 748 2499 eo
785 2456 897 2512 quod
925 2454 1086 2498 similes
1113 2454 1195 2497 illis
1233 2460 1331 2497 sunt
1357 2453 1550 2497 moribus
1577 2461 1619 2497 et
1646 2453 1846 2497 similitu-

429 2534 542 2577 dine.
571 2532 708 2576 Julius
734 2530 891 2583 Caesar,
921 2536 968 2573 ut
994 2529 1147 2583 fertur,
1179 2537 1264 2573 tres
1292 2535 1453 2586 genteS,
1483 2528 1703 2573 Nubianos
1731 2528 1846 2572 scili-

474 2658 523 2703 (vl)
550 2658 649 2692 Pour
669 2658 774 2689 notre
807 2657 948 2697 auteur,
980 2653 1014 2686 la
1039 2653 1185 2698 Biscaye
1217 2656 1251 2687 ct
1283 2653 1419 2687 l'Alava
1448 2653 1523 2687 sont
1553 2653 1646 2687 donc
1665 2653 1782 2698 partie
1801 2653 1845 2687 de

424 2718 459 2752 la
479 2717 653 2751 Navarre.
677 2714 745 2748 Les
764 2712 892 2747 Basca
910 2716 989 2746 sont
1011 2722 1056 2746 au
1081 2711 1261 2745 contraire
1284 2711 1331 2745 du
1347 2712 1424 2745 ecte
1445 2711 1537 2746 nord
1562 2712 1623 2746 des
1640 2711 1843 2757 Pyrenees3

422 2787 463 2811 ce
484 2778 565 2811 sont
584 2775 637 2810 les
657 2771 886 2808 Labourdins
908 2774 941 2804 ct
961 2769 1013 2804 les
1034 2769 1320 2805 Bas-Navarrais
1343 2770 1494 2804 actuels.
