1998 3340
1040 401 1250 441 -40-

437 487 587 530 beatus
632 486 863 545 Eutropius
900 501 1050 531 eorum
1086 487 1331 533 Passionem
1375 489 1603 534 chaldaicis
1632 498 1672 535 et
1699 491 1849 549 graecis

436 561 586 605 litteris
609 563 934 617 commendavit,
965 570 1005 606 et
1031 563 1175 607 audita
1192 564 1304 608 fama
1321 564 1628 609 miraculorum
1648 574 1688 610 et
1713 566 1844 610 virtu-

437 644 525 680 tum
566 637 678 681 beati
706 637 818 681 Petri
844 639 1142 695 Apostolorum
1170 639 1396 697 Principis,
1426 640 1497 697 qui
1525 647 1628 684 tunc
1667 642 1850 686 Romam

436 711 575 755 officio
593 713 844 770 appellatus,
866 713 1138 770 fungebatur,
1152 714 1304 758 saeculo
1326 715 1499 758 omnino
1517 715 1842 771 abrenuntians,

436 795 607 844 accepta
635 788 686 831 ab
714 787 923 846 Episcopo
951 788 1137 840 licentia,
1167 796 1286 846 patre
1304 804 1380 834 suo
1405 790 1643 846 ignorante,
1670 792 1851 835 Romam

436 863 552 906 adiit.
583 862 660 914 Qui
698 877 794 907 cum
831 878 854 906 a
892 864 1013 908 beato
1051 865 1175 908 Petro
1214 864 1438 921 diligenter
1477 873 1586 910 esset
1634 875 1848 924 receptus,

438 938 668 982 Dominicis
694 939 917 996 praeceptis
945 939 996 982 ab
1025 953 1074 982 eo
1102 939 1310 994 imbutus,
1339 955 1444 984 cum.
1472 955 1521 984 eo
1540 941 1853 1000 aliquantulum

437 1021 740 1068 commoratus,
785 1014 905 1072 jussu
942 1022 983 1058 ct
1022 1014 1199 1058 consilio
1243 1015 1333 1059 eius
1374 1016 1594 1073 regionem
1630 1017 1851 1072 Gallicam,

437 1101 535 1131 cum
557 1088 650 1132 aliis
670 1089 875 1133 fratribus
894 1090 1166 1147 praedicando
1187 1091 1460 1148 aggreditur,
1484 1105 1668 1150 cumque
1683 1093 1852 1147 urbem,

436 1177 532 1220 quae
557 1164 786 1208 Sanctonas
814 1165 985 1219 dic-itur,
1016 1165 1208 1219 intraret,
1239 1166 1340 1209 vidit
1365 1180 1460 1209 eam
1486 1167 1676 1225 undique
1717 1168 1856 1213 muris

437 1238 623 1296 antiquis
651 1240 808 1297 optime
851 1247 1029 1298 septam,
1074 1241 1247 1285 excelsis
1289 1241 1481 1285 turribus
1524 1243 1784 1297 decoratam,
1814 1244 1857 1287 in

439 1314 600 1371 optimo
628 1315 720 1359 loco
749 1315 889 1369 sitam,
935 1316 1215 1374 amplitudine
1254 1323 1293 1360 et
1334 1317 1557 1361 latitudine
1601 1331 1854 1374 congruam,

439 1389 602 1433 cunctis
630 1390 902 1434 felicitatibus
929 1399 969 1435 et
1008 1391 1180 1435 ferculis
1217 1391 1478 1445 affluentem,
1508 1392 1641 1449 pratis
1669 1393 1855 1451 optimis,

439 1464 715 1523 fontibusque
757 1466 910 1510 lucidis
955 1467 1170 1520 saciatam,
1220 1467 1380 1524 ingenti
1422 1468 1601 1511 flumine
1628 1468 1856 1522 munitam,

440 1540 574 1584 hortis
602 1549 641 1584 et
667 1542 873 1598 pomariis
901 1550 941 1586 et
961 1543 1092 1587 vineis
1120 1557 1197 1600 per
1223 1542 1449 1587 circuitum
1476 1543 1755 1597 uberrimam,
1793 1558 1859 1587 sa-

441 1614 555 1658 lubri
591 1619 689 1660 aere
727 1624 934 1674 opertam,
973 1617 1122 1676 plateis
1160 1624 1200 1661 et
1235 1617 1337 1661 vicis
1379 1632 1592 1663 amoenam
1629 1618 1862 1677 multisque

443 1691 580 1735 modis
608 1699 845 1736 venustam,
876 1693 1004 1750 Caepit
1029 1684 1174 1737 'bonus
1213 1693 1435 1737 {emulator
1461 1693 1698 1751 excogitare
1739 1693 1859 1738 istam

444 1767 780 1822 pulcherrimam
823 1782 871 1812 ac
914 1768 1125 1826 insignem
1168 1769 1318 1812 urbem
1363 1769 1414 1812 ab
1457 1783 1605 1812 errore
1639 1769 1862 1826 gentilium

446 1842 749 1901 Idolorumque
777 1845 944 1887 cultura
971 1844 1173 1897 converti,
1204 1844 1457 1901 legibusque
1483 1844 1736 1888 Christianis
1763 1844 1860 1888 sub-

446 1917 555 1960 mitti
589 1918 700 1962 Deus
727 1918 998 1976 dignaretur;
1028 1919 1186 1976 itaque,
1230 1933 1306 1976 per
1346 1920 1506 1976 plateas
1546 1925 1588 1963 et
1613 1919 1725 1963 vicos
1769 1919 1862 1963 eius

446 2008 643 2051 pergens,
674 1996 851 2040 verbum
879 1996 951 2040 Dei
977 1996 1184 2039 instanter
1211 1996 1482 2053 praedicabat.
1529 1996 1619 2039 Mox
1661 2002 1707 2039 ut
1742 1995 1863 2040 illum

447 2069 556 2113 cives
583 2070 815 2115 barbarum
834 2072 973 2115 virum
993 2086 1084 2116 esse
1103 2078 1392 2129 cognoverunt
1408 2080 1448 2115 et
1463 2071 1625 2116 Sanctae
1646 2071 1864 2116 Trinitatis

448 2151 490 2187 et
516 2145 781 2202 baptismatis
799 2147 944 2201 verba,
968 2147 1068 2190 olim
1087 2147 1165 2190 sibi
1186 2146 1391 2199 inaudita,
1421 2146 1540 2190 illum
1560 2146 1865 2204 praedicantem

449 2220 703 2275 audierunt,
733 2221 845 2265 illico
886 2222 1154 2279 indignantes
1191 2228 1306 2265 extra
1348 2221 1500 2265 urbem
1542 2221 1663 2264 illum
1702 2221 1866 2265 facibus

449 2297 665 2350 adustum,
696 2304 736 2341 et
763 2298 936 2355 perticis
978 2296 1299 2341 immanissimis
1326 2297 1594 2340 verberatum
1624 2296 1862 2341 eiecerunt.

451 2373 523 2416 Ille
550 2386 648 2417 vero
676 2373 786 2416 hanc
822 2373 1164 2431 persecutionem
1203 2371 1413 2430 patienter
1453 2371 1609 2426 ferens,
1653 2371 1865 2429 quoddam

451 2448 671 2505 tugurium
700 2449 891 2505 ligneum
919 2450 1033 2492 iuxta
1058 2449 1210 2492 urbem
1255 2447 1298 2490 in
1337 2447 1522 2504 quodam
1565 2453 1708 2490 monte
1748 2445 1861 2500 fecit,

451 2523 494 2567 in
521 2539 606 2582 quo
633 2524 706 2568 diu
733 2531 924 2568 moratus
964 2532 1040 2568 est.
1086 2523 1350 2567 Praedicabat
1391 2521 1505 2565 enirn
1551 2535 1628 2578 per
1668 2521 1778 2564 diem
1825 2521 1867 2564 in

450 2600 573 2654 urbe,
604 2606 644 2643 et
669 2607 790 2644 nocte
815 2599 968 2657 vigiliis
996 2598 1281 2656 precibusque
1307 2603 1348 2640 et
1374 2596 1570 2654 lacrymis
1611 2595 1654 2638 in
1695 2594 1867 2652 tugurio

452 2675 523 2718 illo
551 2675 841 2732 pernoctabat.
874 2675 1078 2725 Quicum
1124 2686 1201 2731 per
1242 2671 1538 2728 longissimum
1575 2677 1742 2727 tempus
1783 2669 1867 2713 nisi

451 2764 572 2795 raros
606 2764 684 2795 sua
724 2750 1026 2808 praedicatione
1062 2750 1113 2793 ad
1153 2747 1369 2793 Christum
1408 2745 1598 2791 converti
1642 2744 1866 2803 potuisset,
