1998 3340
1002 370 1212 410 ..42-

406 458 676 503 abominatus
710 464 774 503 est
808 458 924 501 illam
952 463 992 501 et
1027 463 1143 501 extra
1183 457 1335 501 urbem
1375 456 1513 500 eiecit.
1554 456 1629 500 Illa
1672 461 1813 499 autem

402 535 548 578 videns
565 548 609 578 se
627 548 720 578 esse
738 548 815 592 pro
832 532 988 578 Christi
1009 546 1154 576 amore
1181 532 1375 586 eiectam,
1399 531 1522 589 caepit
1547 531 1662 575 iuxta
1682 531 1815 575 sancti

401 609 482 653 viri
509 610 730 667 tugurium
757 607 1039 662 commorari3
1069 613 1190 665 pater
1216 615 1373 661 tamen,
1409 615 1520 651 natae
1552 621 1641 651 suae
1672 621 1817 650 amore

404 692 700 744 compunctus,
730 684 846 729 misit
871 697 983 742 saepe
1009 683 1182 727 nuntios
1215 684 1265 727 ad
1292 697 1401 736 eam,
1432 689 1478 726 ut
1503 683 1678 725 domum
1704 682 1818 725 redi-

404 768 494 814 ret;
523 761 594 804 illa
619 774 718 804 vero
745 760 965 818 respondit
992 773 1036 803 se
1074 759 1199 802 malle
1226 766 1341 802 extra
1375 758 1529 802 urbem
1555 771 1633 814 pro
1660 756 1818 800 Christi

407 837 486 881 fide
513 835 785 889 commorari,
825 849 954 893 quam
981 834 1025 878 in
1058 834 1166 879 urbe
1192 834 1349 888 redire,
1387 841 1427 877 et
1462 832 1586 877 idolis
1612 831 1819 876 contami-

404 912 513 956 nari.
544 913 593 956 At
619 911 709 969 ipse
735 918 856 969 pater
895 911 959 954 ira
1001 916 1257 963 commotus,
1304 908 1540 953 convocatis
1576 907 1657 951 sibi
1690 906 1819 950 totius

404 988 524 1031 urbis
551 987 840 1041 carnificibus,
872 992 1044 1031 centum
1064 985 1375 1043 quinquaginta
1395 984 1568 1038 scilicet,
1595 982 1820 1041 imperavit

405 1062 503 1115 illis,
547 1069 594 1106 ut
637 1069 831 1106 sanctum
873 1061 1127 1119 Eutropium
1186 1060 1464 1117 perimerent,
1518 1058 1822 1116 Virginemque

403 1152 547 1182 secum
574 1139 625 1182 ad
652 1138 784 1196 patris
810 1138 1045 1181 thalamum
1073 1137 1346 1180 adducerent.
1377 1134 1439 1178 llli
1467 1141 1608 1178 autem
1629 1134 1819 1178 secundo

407 1213 474 1257 die
522 1214 804 1257 kalendarum
861 1212 978 1265 maii,
1046 1211 1292 1256 coadunatis
1344 1210 1422 1253 sibi
1477 1209 1822 1253 multitudinibus

406 1288 645 1346 gentilium,
689 1296 899 1332 venerunt
955 1287 1006 1330 ad
1061 1287 1285 1344 praefatum
1336 1285 1556 1343 tugurium
1607 1284 1822 1328 sanctissi-

408 1379 611 1423 mumque
652 1365 725 1409 Dei
768 1365 906 1408 virum
948 1364 1160 1422 lapidibus
1186 1362 1386 1420 primitus
1426 1361 1687 1418 lapidarunt,
1725 1361 1823 1404 inde

405 1442 587 1485 fustibus
628 1448 668 1485 et
695 1440 891 1498 corrigiis
917 1439 1174 1497 plumbeatis
1199 1439 1364 1482 nudum
1400 1438 1696 1489 verberarunt,
1749 1437 1822 1480 de-

409 1532 527 1562 mum
555 1518 780 1562 securibus
807 1524 848 1561 et
880 1516 1004 1561 asciis
1046 1516 1156 1560 illiso
1198 1515 1334 1573 capite
1377 1520 1667 1571 peremerunt.
1709 1514 1822 1557 Prae-

410 1596 493 1638 fata
518 1608 617 1638 vero
646 1594 804 1651 puella,
833 1607 919 1636 una
962 1606 1059 1636 cum
1101 1591 1360 1649 quibusdam
1397 1589 1660 1642 Christianis,
1697 1596 1821 1632 nocte

409 1671 527 1714 illum
555 1669 598 1713 in
624 1669 797 1727 tugurio
824 1668 959 1726 ipsius
997 1666 1200 1725 sepelivit,
1248 1666 1489 1724 vigiliisque
1514 1663 1757 1708 luminariis
1784 1672 1824 1707 et

407 1744 625 1802 obsequiis
652 1744 803 1787 divinis
845 1743 1081 1787 observavit
1123 1742 1415 1785 indesinenter
1458 1740 1663 1798 quamdiu
1695 1739 1822 1792 vixit;

408 1835 504 1877 quae
530 1833 628 1863 cum
653 1820 706 1862 ab
733 1819 814 1863 hac
849 1819 933 1862 vita
959 1818 1043 1862 fine
1069 1831 1189 1862 sacro
1217 1817 1436 1874 migraret,
1476 1816 1608 1874 juxta.
1638 1814 1822 1872 Magistri

407 1896 718 1953 sarcophagum
747 1895 789 1938 in
818 1895 953 1938 libero
979 1894 1140 1952 praedio
1160 1907 1237 1936 suo
1257 1892 1379 1936 iussit
1398 1906 1441 1935 se
1463 1890 1650 1949 sepeliri.
1675 1890 1825 1934 Postea

407 1986 506 2015 vero
549 1984 679 2028 super
714 1970 827 2014 beati
871 1969 1065 2027 Eutropii
1106 1970 1268 2025 Corpus
1312 1967 1627 2011 sanctissimum
1671 1965 1821 2022 ingens

409 2047 582 2091 basilica
609 2047 687 2090 sub
716 2046 806 2090 eius
832 2046 995 2089 honore
1026 2045 1069 2087 in
1104 2044 1277 2088 nomine
1332 2049 1487 2087 sanctae
1521 2049 1562 2085 et
1596 2040 1825 2085 individuae

408 2122 624 2166 Trinitatis
662 2135 686 2164 a
719 2120 968 2166 Christianis
1010 2120 1118 2163 miro
1156 2132 1285 2177 opere
1320 2117 1567 2170 fabricatur,
1603 2116 1645 2159 in
1681 2130 1766 2174 qua
1802 2130 1824 2158 a

408 2197 571 2242 cunctis
597 2197 844 2241 morborum
883 2195 1112 2253 generibus
1163 2193 1339 2238 colliniti
1377 2184 1527 2237 crebro
1570 2192 1820 2242 liberantur,

409 2273 547 2318 claudi
575 2272 816 2329 eriguntur,
847 2271 947 2316 caeci
974 2270 1286 2323 illuminantur,
1317 2268 1486 2312 auditus
1514 2267 1655 2311 surdis
1682 2266 1824 2311 reddi-

410 2357 495 2401 tur,
525 2347 774 2392 daemoniaci
799 2346 1054 2399 liberantur,
1085 2352 1123 2389 et
1151 2345 1351 2388 omnibus
1377 2343 1505 2387 corde
1532 2342 1697 2386 sincero
1725 2354 1825 2398 pos-

409 2424 603 2468 centibus
626 2421 847 2481 juvamina
874 2421 1076 2465 salutaria
1102 2427 1383 2478 praestantur;
1414 2425 1455 2461 et
1490 2424 1650 2461 catenae
1675 2417 1825 2460 ferreae

410 2507 451 2544 et
486 2499 664 2543 manicae
690 2504 930 2554 caeteraque
969 2498 1109 2540 ferrea
1144 2496 1428 2539 instrumenta
1465 2493 1644 2545 diversa,
1674 2505 1696 2535 e
1730 2492 1826 2548 qui-

412 2575 491 2618 bus
541 2575 585 2617 B.
634 2573 864 2630 Eutropius
903 2572 1062 2616 vinctos
1105 2570 1312 2623 liberavit,
1353 2568 1687 2625 suspenduntur.
1734 2567 1826 2624 lpse

410 2660 511 2703 ergo
561 2646 649 2689 suis
692 2643 831 2700 dignis
875 2643 1040 2687 meritis
1066 2650 1106 2687 et
1150 2641 1348 2699 precibus
1389 2639 1513 2683 nobis
1540 2639 1650 2696 apud
1692 2638 1825 2682 Deum

410 2721 574 2766 veniam
602 2721 816 2779 impetret,
838 2719 937 2763 vitia
963 2725 1111 2763 nostra
1137 2717 1286 2770 diluat,
1314 2715 1494 2759 virtutes
1514 2714 1558 2758 in
1575 2713 1699 2758 nobis
1729 2712 1826 2756 vivi-
