1998 3340
1039 405 1248 446 —32—

433 490 722 544 Confessoris3
753 491 825 548 qui
852 490 999 534 Rornae
1026 505 1050 534 a
1085 492 1208 535 beato
1235 492 1359 535 Petro
1386 492 1600 548 Apostolo,
1631 491 1718 536 vice
1746 491 1851 535 Pon-

436 566 577 610 tificali
605 567 842 620 ordinatus,
874 580 973 610 cum
1001 568 1185 624 quodam
1217 567 1481 624 presbytero,
1512 568 1685 610 nomine
1718 567 1849 611 Geor-

435 642 518 698 gio‚
562 642 613 685 ad
650 643 967 700 praedicandum
998 642 1146 685 urbem
1178 644 1367 685 eamdem
1404 643 1613 695 mittitur,
1653 643 1849 699 quicum

436 716 562 760 simul
597 717 898 774 perrexissent,
932 725 1098 760 mortuo
1125 717 1303 774 Georgio
1333 718 1374 759 in
1403 718 1570 770 itinere,
1602 725 1642 760 et
1669 718 1849 774 sepultO,

437 806 632 835 reversus
677 793 726 835 ad
779 792 1028 849 Apostolum
1072 792 1222 835 heatus
1253 792 1405 835 Fronto
1451 806 1596 835 necem
1643 793 1707 835 sui
1753 792 1852 835 socii

438 866 684 910 nunciavit:
726 867 793 910 cui
830 868 978 910 beatus
1021 867 1170 910 Petrus
1215 868 1413 911 baculum
1457 867 1646 920 tradidit,
1677 867 1851 910 dicens:

442 942 551 986 Cum
578 942 689 984 hunc
715 942 910 985 baculavit
937 957 1073 986 meum
1107 943 1299 999 posueris
1324 957 1449 1000 super
1474 943 1574 986 socii
1603 943 1666 985 tui
1692 956 1853 999 corpus,

439 1016 502 1059 ica
527 1017 636 1059 dices
655 1031 668 1059 .·
696 1016 782 1059 Per
818 1017 944 1059 illam
974 1016 1267 1069 obedientiam,
1298 1031 1425 1073 quam
1451 1017 1502 1059 ab
1528 1016 1722 1074 Apostolo
1748 1029 1856 1059 acce-

437 1091 560 1149 pisti,
592 1093 640 1134 z'n
676 1091 841 1136 Christi
884 1092 1053 1134 nomine
1098 1106 1222 1147 sttrye
1262 1098 1298 1135 et
1340 1092 1493 1149 comple
1534 1092 1674 1144 illam,
1701 1091 1858 1149 sicque

443 1167 600 1223 agitur.
644 1167 721 1209 Per
762 1166 953 1223 Apostoli
994 1166 1195 1209 baculum
1238 1167 1386 1210 beatus
1428 1166 1585 1210 Fronto
1626 1167 1668 1209 in
1709 1166 1859 1210 itinere

444 1242 607 1286 socium
635 1243 684 1285 de
711 1249 847 1285 morte
867 1241 1042 1299 recepit,
1067 1249 1106 1285 et
1133 1242 1350 1299 praefatam
1378 1242 1530 1285 urbem
1558 1256 1635 1285 sua
1661 1241 1861 1299 praedica-

444 1319 559 1361 tione
587 1318 638 1361 ad
665 1317 878 1362 Christum
906 1317 1137 1370 convertit3
1168 1317 1469 1374 miraculisque
1510 1317 1654 1360 multis
1698 1317 1861 1373 perlus-

444 1394 569 1437 travit
596 1400 635 1436 et
683 1393 811 1449 digno
858 1392 975 1436 obitu
1012 1392 1055 1434 in
1083 1406 1148 1446 ea,
1179 1393 1222 1435 in
1249 1392 1421 1436 basilica
1457 1392 1630 1445 scilicet,
1660 1406 1755 1449 quae
1783 1392 1861 1434 suh

446 1469 537 1512 eius
577 1468 752 1511 nomine
795 1475 1014 1525 operatur,
1055 1469 1319 1525 sepulturam
1363 1467 1548 1524 accepit,
1581 1467 1622 1509 in
1649 1480 1749 1524 qua,
1782 1467 1862 1509 Deo

446 1544 668 1600 largiente,
698 1544 830 1587 multa
858 1543 1063 1586 beneficia
1100 1543 1373 1600 poscentibus
1412 1549 1683 1599 praestantur.
1715 1541 1863 1584 Tradi-

449 1628 517 1663 tur
551 1627 691 1662 tamen
729 1634 752 1663 a
778 1618 1050 1677 quibusdam,
1082 1632 1130 1661 ex
1158 1619 1336 1675 collegio
1365 1618 1518 1661 Christi
1548 1617 1862 1674 Discipulorum

449 1695 569 1739 illurn
591 1695 733 1739 fuisse.
757 1695 883 1739 Cuius
911 1684 1203 1752 sepulchrum,
1225 1707 1321 1737 cum
1342 1694 1468 1735 nullis
1493 1692 1585 1735 aliis
1613 1692 1862 1735 Sanctorum

451 1770 687 1828 sepulchris
723 1770 944 1814 consimile
986 1771 1056 1824 sit,
1103 1771 1333 1813 rotundum
1381 1776 1538 1822 tamen,
1586 1775 1630 1810 ut
1677 1767 1865 1810 Domini-

451 1859 548 1889 cum
576 1846 869 1903 sepulchrum,
901 1845 1210 1889 studiosissime
1239 1845 1306 1897 sit3
1355 1850 1394 1887 et
1436 1851 1585 1886 cuncta
1612 1850 1863 1886 cieterorum

453 1921 705 1965 Sanctorum
747 1921 974 1977 sepulchra
1015 1920 1333 1977 pulchritudine
1367 1919 1463 1961 miri
1511 1918 1652 1975 operis
1685 1918 1861 1960 excellit.

453 1997 580 2054 Cujus
605 2011 724 2040 sacra
751 1995 995 2040 solemnitas
1023 1996 1174 2039 colitur
1202 2003 1346 2038 octavo
1375 1994 1576 2037 kalendas
1604 1992 1862 2035 novembris.

512 2072 696 2115 Rursum
740 2072 804 2114 his
848 2071 918 2128 qui
963 2085 1038 2127 per
1081 2071 1189 2113 viam
1241 2071 1531 2112 'l'uronensem
1577 2068 1625 2109 all
1674 2075 1867 2110 sanctum

453 2148 656 2193 Jacobum
684 2148 879 2198 tendunt,
910 2146 951 2188 in
990 2146 1093 2189 urbe
1122 2145 1489 2188 Aurelianensium
1519 2143 1697 2200 Lignum
1726 2142 1870 2186 Domi-

456 2224 615 2276 nicum‚
647 2229 685 2266 et
711 2221 815 2265 calix
859 2221 967 2264 beati
1014 2221 1197 2273 Evurcii‚
1231 2219 1422 2276 Episcopi
1453 2226 1493 2261 et
1519 2218 1795 2271 Confessoris,
1829 2217 1870 2260 in

456 2299 634 2342 ecclesia
670 2298 830 2341 Sanctae
873 2296 1016 2340 Crucis
1054 2296 1309 2339 visitandum
1339 2302 1414 2337 cst.
1447 2293 1551 2336 Dum
1581 2294 1692 2336 enim
1723 2293 1871 2336 beatus

461 2374 663 2418 Evurcius
691 2373 874 2430 quadam
903 2372 969 2414 die
1009 2371 1177 2414 Missam
1219 2370 1468 2422 celebraret,
1509 2369 1709 2425 apparuit
1744 2380 1873 2424 super

459 2451 591 2493 altare
618 2449 660 2491 in
695 2449 826 2491 altum
871 2447 1089 2490 Dominica
1131 2447 1299 2489 dextera
1342 2444 1588 2487 humanitus
1634 2443 1873 2486 videntibus

459 2526 541 2568 illis
571 2524 644 2582 qui
670 2524 872 2575 aderant;
903 2529 943 2564 et
969 2521 1169 2578 quicquid
1201 2519 1357 2577 praesul
1394 2533 1522 2575 super
1550 2519 1694 2570 altare,
1728 2531 1874 2575 opera-

461 2601 585 2644 batur
622 2606 662 2642 et
695 2598 800 2655 ipsa.
840 2597 946 2639 Dum
976 2597 1130 2654 przesul
1166 2596 1344 2638 faciebat
1385 2608 1514 2651 super
1551 2607 1700 2650 panem
1741 2602 1778 2637 ct
1806 2607 1874 2636 ca-

461 2677 580 2719 licem
610 2674 748 2718 crucis
789 2673 975 2729 signum,
1007 2672 1185 2715 faciebat
1220 2678 1259 2713 et
1298 2671 1389 2726 ipsa
1424 2669 1642 2721 similiter,
1693 2682 1876 2726 cumque

460 2766 616 2812 panem
645 2751 706 2795 vel
731 2749 906 2794 calicem
925 2749 1014 2807 ipse
1036 2761 1207 2792 sursum
1229 2747 1410 2802 levabat,
1440 2754 1479 2791 et
1506 2747 1598 2804 ipsa
1625 2745 1699 2789 Dei
1724 2758 1877 2789 manus
