<?xml version="1.0" encoding="UTF-8"?>
<!DOCTYPE html PUBLIC "-//W3C//DTD XHTML 1.0 Transitional//EN"
    "http://www.w3.org/TR/xhtml1/DTD/xhtml1-transitional.dtd">
<html xmlns="http://www.w3.org/1999/xhtml" xml:lang="en" lang="en">
 <head>
  <title>
</title>
<meta http-equiv="Content-Type" content="text/html;charset=utf-8" />
  <meta name='ocr-system' content='tesseract 3.04.00' />
  <meta name='ocr-capabilities' content='ocr_page ocr_carea ocr_par ocr_line ocrx_word'/>
</head>
<body>
  <div class='ocr_page' id='page_1' title='image "./lecodexdesaintja00fita_0049.png"; bbox 0 0 1998 3340; ppageno 0'>
   <div class='ocr_carea' id='block_1_1' title="bbox 710 389 920 430">
    <p class='ocr_par' dir='ltr' id='par_1_1' title="bbox 710 389 920 430">
     <span class='ocr_line' id='line_1_1' title="bbox 710 389 920 430; baseline 0.01 -11"><span class='ocrx_word' id='word_1_1' title='bbox 710 389 920 430; x_wconf 79' lang='grc'><strong>-35-</strong></span> 
     </span>
    </p>
   </div>
   <div class='ocr_carea' id='block_1_2' title="bbox 103 464 1520 2785">
    <p class='ocr_par' dir='ltr' id='par_1_2' title="bbox 108 464 1519 1282">
     <span class='ocr_line' id='line_1_2' title="bbox 167 464 1512 539; baseline 0.007 -22"><span class='ocrx_word' id='word_1_2' title='bbox 167 473 241 517; x_wconf 90' lang='lat' dir='ltr'>Via</span> <span class='ocrx_word' id='word_1_3' title='bbox 266 474 399 518; x_wconf 89' lang='lat' dir='ltr'>sancti</span> <span class='ocrx_word' id='word_1_4' title='bbox 433 464 578 519; x_wconf 82' lang='lat' dir='ltr'>Jacob&#39;i</span> <span class='ocrx_word' id='word_1_5' title='bbox 605 475 649 518; x_wconf 91' lang='lat' dir='ltr'>in</span> <span class='ocrx_word' id='word_1_6' title='bbox 676 475 783 519; x_wconf 86' lang='lat' dir='ltr'>urbe</span> <span class='ocrx_word' id='word_1_7' title='bbox 810 476 1160 521; x_wconf 88' lang='lat' dir='ltr'>Sanctonensium</span> <span class='ocrx_word' id='word_1_8' title='bbox 1188 478 1297 522; x_wconf 88' lang='lat' dir='ltr'>beati</span> <span class='ocrx_word' id='word_1_9' title='bbox 1324 480 1512 539; x_wconf 78' lang='lat' dir='ltr'>Eutropii</span> 
     </span>
     <span class='ocr_line' id='line_1_3' title="bbox 110 548 1513 608; baseline 0.006 -17"><span class='ocrx_word' id='word_1_10' title='bbox 110 548 305 606; x_wconf 84' lang='lat' dir='ltr'>Episcopi</span> <span class='ocrx_word' id='word_1_11' title='bbox 333 555 374 592; x_wconf 87' lang='lat' dir='ltr'>et</span> <span class='ocrx_word' id='word_1_12' title='bbox 398 549 589 608; x_wconf 86' lang='lat' dir='ltr'>Martyris</span> <span class='ocrx_word' id='word_1_13' title='bbox 624 563 779 606; x_wconf 90' lang='lat' dir='ltr'>corpus</span> <span class='ocrx_word' id='word_1_14' title='bbox 801 551 925 608; x_wconf 84' lang='lat' dir='ltr'>digne</span> <span class='ocrx_word' id='word_1_15' title='bbox 953 551 1325 608; x_wconf 80' lang='lat' dir='ltr'>peregrinantibus</span> <span class='ocrx_word' id='word_1_16' title='bbox 1345 556 1513 600; x_wconf 86' lang='lat' dir='ltr'>visitan-</span> 
     </span>
     <span class='ocr_line' id='line_1_4' title="bbox 109 624 1513 687; baseline 0.005 -20"><span class='ocrx_word' id='word_1_17' title='bbox 109 625 210 667; x_wconf 89' lang='lat' dir='ltr'>dum</span> <span class='ocrx_word' id='word_1_18' title='bbox 238 631 315 668; x_wconf 89' lang='lat' dir='ltr'>est.</span> <span class='ocrx_word' id='word_1_19' title='bbox 345 624 657 668; x_wconf 86' lang='lat' dir='ltr'>Sanctissimam</span> <span class='ocrx_word' id='word_1_20' title='bbox 684 624 805 682; x_wconf 89' lang='lat' dir='ltr'>cujus</span> <span class='ocrx_word' id='word_1_21' title='bbox 832 625 1074 682; x_wconf 78' lang='lat' dir='ltr'>passionem</span> <span class='ocrx_word' id='word_1_22' title='bbox 1101 627 1249 671; x_wconf 86' lang='lat' dir='ltr'>beatus</span> <span class='ocrx_word' id='word_1_23' title='bbox 1276 628 1513 687; x_wconf 83' lang='lat' dir='ltr'>Dionysius,</span> 
     </span>
     <span class='ocr_line' id='line_1_5' title="bbox 109 698 1518 762; baseline 0.004 -20"><span class='ocrx_word' id='word_1_24' title='bbox 109 699 332 743; x_wconf 88' lang='lat' dir='ltr'>consocius</span> <span class='ocrx_word' id='word_1_25' title='bbox 349 698 440 756; x_wconf 87' lang='lat' dir='ltr'>ejus</span> <span class='ocrx_word' id='word_1_26' title='bbox 461 713 508 743; x_wconf 90' lang='lat' dir='ltr'>ac</span> <span class='ocrx_word' id='word_1_27' title='bbox 535 698 797 742; x_wconf 84' lang='lat' dir='ltr'>Parisiorum</span> <span class='ocrx_word' id='word_1_28' title='bbox 824 700 999 752; x_wconf 81' lang='lat' dir='ltr'>Praesul,</span> <span class='ocrx_word' id='word_1_29' title='bbox 1031 701 1180 744; x_wconf 91' lang='lat' dir='ltr'>litteris</span> <span class='ocrx_word' id='word_1_30' title='bbox 1206 702 1361 747; x_wconf 65' lang='lat' dir='ltr'>Graecis</span> <span class='ocrx_word' id='word_1_31' title='bbox 1389 706 1518 762; x_wconf 90' lang='lat' dir='ltr'>scrip-</span> 
     </span>
     <span class='ocr_line' id='line_1_6' title="bbox 110 772 1516 832; baseline 0.005 -16"><span class='ocrx_word' id='word_1_32' title='bbox 110 772 179 824; x_wconf 88' lang='lat' dir='ltr'>sit,</span> <span class='ocrx_word' id='word_1_33' title='bbox 208 780 249 817; x_wconf 87' lang='lat' dir='ltr'>et</span> <span class='ocrx_word' id='word_1_34' title='bbox 273 773 522 831; x_wconf 87' lang='lat' dir='ltr'>parentibus</span> <span class='ocrx_word' id='word_1_35' title='bbox 548 773 635 817; x_wconf 91' lang='lat' dir='ltr'>suis</span> <span class='ocrx_word' id='word_1_36' title='bbox 662 773 705 816; x_wconf 91' lang='lat' dir='ltr'>in</span> <span class='ocrx_word' id='word_1_37' title='bbox 731 774 891 818; x_wconf 84' lang='lat' dir='ltr'>Graecia</span> <span class='ocrx_word' id='word_1_38' title='bbox 916 774 1003 831; x_wconf 87' lang='lat' dir='ltr'>(qui</span> <span class='ocrx_word' id='word_1_39' title='bbox 1026 775 1116 832; x_wconf 88' lang='lat' dir='ltr'>jam</span> <span class='ocrx_word' id='word_1_40' title='bbox 1155 776 1197 818; x_wconf 92' lang='lat' dir='ltr'>in</span> <span class='ocrx_word' id='word_1_41' title='bbox 1224 776 1388 822; x_wconf 89' lang='lat' dir='ltr'>Christo</span> <span class='ocrx_word' id='word_1_42' title='bbox 1427 794 1516 823; x_wconf 87' lang='lat' dir='ltr'>cre-</span> 
     </span>
     <span class='ocr_line' id='line_1_7' title="bbox 108 843 1514 908; baseline 0.004 -16"><span class='ocrx_word' id='word_1_43' title='bbox 108 843 290 905; x_wconf 70' lang='lat' dir='ltr'>debant)&#39;</span> <span class='ocrx_word' id='word_1_44' title='bbox 317 863 393 906; x_wconf 89' lang='lat' dir='ltr'>per</span> <span class='ocrx_word' id='word_1_45' title='bbox 434 862 610 892; x_wconf 90' lang='lat' dir='ltr'>manum</span> <span class='ocrx_word' id='word_1_46' title='bbox 650 849 761 893; x_wconf 90' lang='lat' dir='ltr'>beati</span> <span class='ocrx_word' id='word_1_47' title='bbox 801 850 1027 894; x_wconf 90' lang='lat' dir='ltr'>Clementis</span> <span class='ocrx_word' id='word_1_48' title='bbox 1068 851 1190 908; x_wconf 86' lang='lat' dir='ltr'>Papae</span> <span class='ocrx_word' id='word_1_49' title='bbox 1217 853 1346 896; x_wconf 87' lang='lat' dir='ltr'>misit.</span> <span class='ocrx_word' id='word_1_50' title='bbox 1382 853 1514 904; x_wconf 85' lang='lat' dir='ltr'>Quam</span> 
     </span>
     <span class='ocr_line' id='line_1_8' title="bbox 109 923 1516 982; baseline 0.004 -14"><span class='ocrx_word' id='word_1_51' title='bbox 109 924 267 968; x_wconf 90' lang='lat' dir='ltr'>scilicet</span> <span class='ocrx_word' id='word_1_52' title='bbox 308 923 550 982; x_wconf 88' lang='lat' dir='ltr'>passionem</span> <span class='ocrx_word' id='word_1_53' title='bbox 592 924 952 982; x_wconf 86' lang='lat' dir='ltr'>Constantinopoli</span> <span class='ocrx_word' id='word_1_54' title='bbox 995 925 1038 967; x_wconf 92' lang='lat' dir='ltr'>in</span> <span class='ocrx_word' id='word_1_55' title='bbox 1083 926 1228 970; x_wconf 90' lang='lat' dir='ltr'>schola</span> <span class='ocrx_word' id='word_1_56' title='bbox 1253 927 1516 980; x_wconf 82' lang='lat' dir='ltr'>Graecorum,</span> 
     </span>
     <span class='ocr_line' id='line_1_9' title="bbox 109 999 1519 1064; baseline 0.004 -22"><span class='ocrx_word' id='word_1_57' title='bbox 109 999 295 1057; x_wconf 90' lang='lat' dir='ltr'>quodam</span> <span class='ocrx_word' id='word_1_58' title='bbox 330 999 474 1044; x_wconf 88' lang='lat' dir='ltr'>codice</span> <span class='ocrx_word' id='word_1_59' title='bbox 508 999 757 1057; x_wconf 88' lang='lat' dir='ltr'>passionum</span> <span class='ocrx_word' id='word_1_60' title='bbox 784 999 1070 1057; x_wconf 89' lang='lat' dir='ltr'>plurimorum</span> <span class='ocrx_word' id='word_1_61' title='bbox 1098 1010 1343 1046; x_wconf 88' lang='lat' dir='ltr'>sanctorum</span> <span class='ocrx_word' id='word_1_62' title='bbox 1371 1005 1519 1064; x_wconf 83' lang='lat' dir='ltr'>Marty-</span> 
     </span>
     <span class='ocr_line' id='line_1_10' title="bbox 109 1074 1518 1132; baseline 0.004 -15"><span class='ocrx_word' id='word_1_63' title='bbox 109 1088 224 1128; x_wconf 85' lang='lat' dir='ltr'>rum,</span> <span class='ocrx_word' id='word_1_64' title='bbox 254 1074 354 1118; x_wconf 91' lang='lat' dir='ltr'>olim</span> <span class='ocrx_word' id='word_1_65' title='bbox 382 1074 551 1132; x_wconf 80' lang='lat' dir='ltr'>reperi3</span> <span class='ocrx_word' id='word_1_66' title='bbox 576 1075 683 1118; x_wconf 88' lang='lat' dir='ltr'>etad</span> <span class='ocrx_word' id='word_1_67' title='bbox 710 1076 838 1119; x_wconf 90' lang='lat' dir='ltr'>decus</span> <span class='ocrx_word' id='word_1_68' title='bbox 863 1074 1030 1118; x_wconf 89' lang='lat' dir='ltr'>Domini</span> <span class='ocrx_word' id='word_1_69' title='bbox 1057 1076 1192 1119; x_wconf 86' lang='lat' dir='ltr'>nostri</span> <span class='ocrx_word' id='word_1_70' title='bbox 1229 1077 1327 1121; x_wconf 90' lang='lat' dir='ltr'>Jesu</span> <span class='ocrx_word' id='word_1_71' title='bbox 1368 1078 1518 1122; x_wconf 86' lang='lat' dir='ltr'>Christi</span> 
     </span>
     <span class='ocr_line' id='line_1_11' title="bbox 109 1149 1516 1209; baseline 0.003 -16"><span class='ocrx_word' id='word_1_72' title='bbox 109 1149 286 1207; x_wconf 90' lang='lat' dir='ltr'>ejusque</span> <span class='ocrx_word' id='word_1_73' title='bbox 320 1149 493 1207; x_wconf 82' lang='lat' dir='ltr'>gloriosi</span> <span class='ocrx_word' id='word_1_74' title='bbox 529 1149 720 1209; x_wconf 84' lang='lat' dir='ltr'>Martyris</span> <span class='ocrx_word' id='word_1_75' title='bbox 761 1150 951 1208; x_wconf 86' lang='lat' dir='ltr'>Eutropii</span> <span class='ocrx_word' id='word_1_76' title='bbox 987 1151 1038 1194; x_wconf 89' lang='lat' dir='ltr'>de</span> <span class='ocrx_word' id='word_1_77' title='bbox 1073 1165 1212 1208; x_wconf 76' lang='lat' dir='ltr'>graeco</span> <span class='ocrx_word' id='word_1_78' title='bbox 1235 1152 1292 1208; x_wconf 21' lang='lat' dir='ltr'>*in</span> <span class='ocrx_word' id='word_1_79' title='bbox 1321 1154 1516 1208; x_wconf 84' lang='lat' dir='ltr'>latinum,</span> 
     </span>
     <span class='ocr_line' id='line_1_12' title="bbox 108 1224 990 1282; baseline 0.001 -14"><span class='ocrx_word' id='word_1_80' title='bbox 108 1231 237 1282; x_wconf 89' lang='lat' dir='ltr'>prout</span> <span class='ocrx_word' id='word_1_81' title='bbox 262 1224 398 1282; x_wconf 89' lang='lat' dir='ltr'>potui,</span> <span class='ocrx_word' id='word_1_82' title='bbox 427 1224 556 1268; x_wconf 80' lang='lat' dir='ltr'>edidi.</span> <span class='ocrx_word' id='word_1_83' title='bbox 586 1225 635 1268; x_wconf 90' lang='lat' dir='ltr'>Et</span> <span class='ocrx_word' id='word_1_84' title='bbox 660 1224 717 1268; x_wconf 88' lang='lat' dir='ltr'>ita</span> <span class='ocrx_word' id='word_1_85' title='bbox 744 1225 990 1282; x_wconf 79' lang='lat' dir='ltr'>incipiebat.</span> 
     </span>
    </p>

    <p class='ocr_par' dir='ltr' id='par_1_3' title="bbox 103 1299 1520 2785">
     <span class='ocr_line' id='line_1_13' title="bbox 167 1299 1519 1358; baseline 0.004 -16"><span class='ocrx_word' id='word_1_86' title='bbox 167 1300 391 1358; x_wconf 83' lang='lat' dir='ltr'>Dionysius</span> <span class='ocrx_word' id='word_1_87' title='bbox 411 1299 674 1343; x_wconf 85' lang='lat' dir='ltr'>Francorum</span> <span class='ocrx_word' id='word_1_88' title='bbox 695 1301 876 1344; x_wconf 88' lang='lat' dir='ltr'>Antistes</span> <span class='ocrx_word' id='word_1_89' title='bbox 894 1301 1093 1358; x_wconf 82' lang='lat' dir='ltr'>prosapia</span> <span class='ocrx_word' id='word_1_90' title='bbox 1116 1301 1305 1354; x_wconf 87' lang='lat' dir='ltr'>Graecus,</span> <span class='ocrx_word' id='word_1_91' title='bbox 1328 1317 1519 1348; x_wconf 85' lang='lat' dir='ltr'>reveren-</span> 
     </span>
     <span class='ocr_line' id='line_1_14' title="bbox 109 1374 1517 1436; baseline 0.003 -18"><span class='ocrx_word' id='word_1_92' title='bbox 109 1375 273 1419; x_wconf 87' lang='lat' dir='ltr'>tissimo</span> <span class='ocrx_word' id='word_1_93' title='bbox 313 1376 436 1433; x_wconf 82' lang='lat' dir='ltr'>Papae</span> <span class='ocrx_word' id='word_1_94' title='bbox 474 1374 692 1428; x_wconf 87' lang='lat' dir='ltr'>Clementi,</span> <span class='ocrx_word' id='word_1_95' title='bbox 737 1375 915 1418; x_wconf 90' lang='lat' dir='ltr'>salutem</span> <span class='ocrx_word' id='word_1_96' title='bbox 958 1375 1001 1418; x_wconf 91' lang='lat' dir='ltr'>in</span> <span class='ocrx_word' id='word_1_97' title='bbox 1043 1376 1222 1421; x_wconf 90' lang='lat' dir='ltr'>Christo.</span> <span class='ocrx_word' id='word_1_98' title='bbox 1268 1378 1517 1436; x_wconf 87' lang='lat' dir='ltr'>Eutropium</span> 
     </span>
     <span class='ocr_line' id='line_1_15' title="bbox 107 1450 1518 1508; baseline 0.003 -14"><span class='ocrx_word' id='word_1_99' title='bbox 107 1464 235 1508; x_wconf 91' lang='lat' dir='ltr'>quem</span> <span class='ocrx_word' id='word_1_100' title='bbox 263 1463 430 1494; x_wconf 89' lang='lat' dir='ltr'>mecum</span> <span class='ocrx_word' id='word_1_101' title='bbox 456 1450 501 1493; x_wconf 90' lang='lat' dir='ltr'>in</span> <span class='ocrx_word' id='word_1_102' title='bbox 528 1450 594 1494; x_wconf 91' lang='lat' dir='ltr'>his</span> <span class='ocrx_word' id='word_1_103' title='bbox 617 1451 704 1493; x_wconf 88' lang='lat' dir='ltr'>oris</span> <span class='ocrx_word' id='word_1_104' title='bbox 731 1451 781 1493; x_wconf 91' lang='lat' dir='ltr'>ad</span> <span class='ocrx_word' id='word_1_105' title='bbox 812 1451 1132 1507; x_wconf 78' lang='lat' dir='ltr'>praedicandum</span> <span class='ocrx_word' id='word_1_106' title='bbox 1172 1453 1327 1497; x_wconf 87' lang='lat' dir='ltr'>Christi</span> <span class='ocrx_word' id='word_1_107' title='bbox 1363 1468 1518 1498; x_wconf 89' lang='lat' dir='ltr'>nomen</span> 
     </span>
     <span class='ocr_line' id='line_1_16' title="bbox 108 1524 1515 1584; baseline 0.004 -17"><span class='ocrx_word' id='word_1_108' title='bbox 108 1524 283 1568; x_wconf 87' lang='lat' dir='ltr'>misistis</span> <span class='ocrx_word' id='word_1_109' title='bbox 310 1524 495 1582; x_wconf 80' lang='lat' dir='ltr'>Martyrii</span> <span class='ocrx_word' id='word_1_110' title='bbox 520 1538 723 1568; x_wconf 89' lang='lat' dir='ltr'>coronam</span> <span class='ocrx_word' id='word_1_111' title='bbox 747 1538 822 1581; x_wconf 90' lang='lat' dir='ltr'>per</span> <span class='ocrx_word' id='word_1_112' title='bbox 839 1539 992 1569; x_wconf 90' lang='lat' dir='ltr'>manus</span> <span class='ocrx_word' id='word_1_113' title='bbox 1014 1527 1238 1583; x_wconf 79' lang='lat' dir='ltr'>gentilium</span> <span class='ocrx_word' id='word_1_114' title='bbox 1256 1530 1367 1584; x_wconf 92' lang='lat' dir='ltr'>apud</span> <span class='ocrx_word' id='word_1_115' title='bbox 1396 1529 1515 1574; x_wconf 84' lang='lat' dir='ltr'>Sanc-</span> 
     </span>
     <span class='ocr_line' id='line_1_17' title="bbox 107 1600 1513 1662; baseline 0.004 -20"><span class='ocrx_word' id='word_1_116' title='bbox 107 1606 229 1643; x_wconf 89' lang='lat' dir='ltr'>tonas</span> <span class='ocrx_word' id='word_1_117' title='bbox 255 1600 409 1644; x_wconf 91' lang='lat' dir='ltr'>urbem</span> <span class='ocrx_word' id='word_1_118' title='bbox 434 1600 550 1643; x_wconf 92' lang='lat' dir='ltr'>vobis</span> <span class='ocrx_word' id='word_1_119' title='bbox 576 1600 845 1644; x_wconf 88' lang='lat' dir='ltr'>notificamus</span> <span class='ocrx_word' id='word_1_120' title='bbox 872 1615 950 1658; x_wconf 92' lang='lat' dir='ltr'>pro</span> <span class='ocrx_word' id='word_1_121' title='bbox 977 1601 1143 1645; x_wconf 87' lang='lat' dir='ltr'>Domini</span> <span class='ocrx_word' id='word_1_122' title='bbox 1173 1602 1256 1646; x_wconf 87' lang='lat' dir='ltr'>fide</span> <span class='ocrx_word' id='word_1_123' title='bbox 1283 1605 1513 1662; x_wconf 87' lang='lat' dir='ltr'>accepisse.</span> 
     </span>
     <span class='ocr_line' id='line_1_18' title="bbox 108 1673 1520 1732; baseline 0.004 -14"><span class='ocrx_word' id='word_1_124' title='bbox 108 1673 377 1732; x_wconf 84' lang='lat' dir='ltr'>Quapropter</span> <span class='ocrx_word' id='word_1_125' title='bbox 403 1675 702 1732; x_wconf 85' lang='lat' dir='ltr'>paternitatem</span> <span class='ocrx_word' id='word_1_126' title='bbox 729 1683 911 1719; x_wconf 83' lang='lat' dir='ltr'>vestram</span> <span class='ocrx_word' id='word_1_127' title='bbox 930 1676 1152 1721; x_wconf 90' lang='lat' dir='ltr'>humiliter</span> <span class='ocrx_word' id='word_1_128' title='bbox 1172 1692 1314 1731; x_wconf 85' lang='lat' dir='ltr'>exoro,</span> <span class='ocrx_word' id='word_1_129' title='bbox 1335 1687 1381 1722; x_wconf 91' lang='lat' dir='ltr'>ut</span> <span class='ocrx_word' id='word_1_130' title='bbox 1407 1680 1520 1724; x_wconf 92' lang='lat' dir='ltr'>hunc</span> 
     </span>
     <span class='ocr_line' id='line_1_19' title="bbox 108 1749 1518 1808; baseline 0.004 -15"><span class='ocrx_word' id='word_1_131' title='bbox 108 1749 320 1794; x_wconf 91' lang='lat' dir='ltr'>Passionis</span> <span class='ocrx_word' id='word_1_132' title='bbox 346 1749 439 1807; x_wconf 90' lang='lat' dir='ltr'>ejus</span> <span class='ocrx_word' id='word_1_133' title='bbox 465 1750 651 1794; x_wconf 84' lang='lat' dir='ltr'>codicem</span> <span class='ocrx_word' id='word_1_134' title='bbox 681 1751 1140 1808; x_wconf 32' lang='lat' dir='ltr'>consanguineisrmeis</span> <span class='ocrx_word' id='word_1_135' title='bbox 1166 1753 1292 1807; x_wconf 87' lang='lat' dir='ltr'>notis,</span> <span class='ocrx_word' id='word_1_136' title='bbox 1314 1762 1354 1797; x_wconf 89' lang='lat' dir='ltr'>et</span> <span class='ocrx_word' id='word_1_137' title='bbox 1372 1756 1518 1799; x_wconf 88' lang='lat' dir='ltr'>amicis</span> 
     </span>
     <span class='ocr_line' id='line_1_20' title="bbox 105 1824 1518 1886; baseline 0.004 -17"><span class='ocrx_word' id='word_1_138' title='bbox 105 1825 302 1869; x_wconf 87' lang='lat' dir='ltr'>fidelibus</span> <span class='ocrx_word' id='word_1_139' title='bbox 338 1825 382 1868; x_wconf 94' lang='lat' dir='ltr'>in</span> <span class='ocrx_word' id='word_1_140' title='bbox 432 1824 604 1869; x_wconf 81' lang='lat' dir='ltr'>Graeciae</span> <span class='ocrx_word' id='word_1_141' title='bbox 639 1825 741 1879; x_wconf 86' lang='lat' dir='ltr'>oris,</span> <span class='ocrx_word' id='word_1_142' title='bbox 780 1826 954 1870; x_wconf 85' lang='lat' dir='ltr'>Athenis</span> <span class='ocrx_word' id='word_1_143' title='bbox 981 1827 1211 1885; x_wconf 71' lang='lat' dir='ltr'>praecipue,</span> <span class='ocrx_word' id='word_1_144' title='bbox 1242 1843 1369 1886; x_wconf 88' lang='lat' dir='ltr'>quam</span> <span class='ocrx_word' id='word_1_145' title='bbox 1397 1830 1518 1874; x_wconf 91' lang='lat' dir='ltr'>citius</span> 
     </span>
     <span class='ocr_line' id='line_1_21' title="bbox 106 1900 1513 1962; baseline 0.003 -17"><span class='ocrx_word' id='word_1_146' title='bbox 106 1900 301 1959; x_wconf 89' lang='lat' dir='ltr'>poteritis</span> <span class='ocrx_word' id='word_1_147' title='bbox 339 1900 508 1944; x_wconf 89' lang='lat' dir='ltr'>mittere</span> <span class='ocrx_word' id='word_1_148' title='bbox 553 1914 639 1944; x_wconf 90' lang='lat' dir='ltr'>non</span> <span class='ocrx_word' id='word_1_149' title='bbox 679 1900 901 1953; x_wconf 82' lang='lat' dir='ltr'>differatis,</span> <span class='ocrx_word' id='word_1_150' title='bbox 935 1903 1137 1959; x_wconf 87' lang='lat' dir='ltr'>quatinus</span> <span class='ocrx_word' id='word_1_151' title='bbox 1165 1903 1240 1958; x_wconf 91' lang='lat' dir='ltr'>illi,</span> <span class='ocrx_word' id='word_1_152' title='bbox 1270 1905 1513 1962; x_wconf 75' lang='lat' dir='ltr'>caeterique,</span> 
     </span>
     <span class='ocr_line' id='line_1_22' title="bbox 105 1976 1513 2034; baseline 0.004 -15"><span class='ocrx_word' id='word_1_153' title='bbox 105 1976 179 2034; x_wconf 90' lang='lat' dir='ltr'>qui</span> <span class='ocrx_word' id='word_1_154' title='bbox 205 1991 229 2020; x_wconf 93' lang='lat' dir='ltr'>a</span> <span class='ocrx_word' id='word_1_155' title='bbox 254 1976 363 2020; x_wconf 79' lang='lat' dir='ltr'>beati</span> <span class='ocrx_word' id='word_1_156' title='bbox 394 1976 522 2019; x_wconf 90' lang='lat' dir='ltr'>Paulo</span> <span class='ocrx_word' id='word_1_157' title='bbox 547 1976 763 2033; x_wconf 86' lang='lat' dir='ltr'>Apostolo,</span> <span class='ocrx_word' id='word_1_158' title='bbox 793 1990 913 2020; x_wconf 86' lang='lat' dir='ltr'>novae</span> <span class='ocrx_word' id='word_1_159' title='bbox 939 1979 1276 2034; x_wconf 79' lang='lat' dir='ltr'>regenerationis</span> <span class='ocrx_word' id='word_1_160' title='bbox 1304 1981 1513 2024; x_wconf 84' lang='lat' dir='ltr'>lavacrum</span> 
     </span>
     <span class='ocr_line' id='line_1_23' title="bbox 105 2047 1514 2111; baseline 0.002 -15"><span class='ocrx_word' id='word_1_161' title='bbox 105 2065 191 2096; x_wconf 89' lang='lat' dir='ltr'>una</span> <span class='ocrx_word' id='word_1_162' title='bbox 207 2065 376 2096; x_wconf 89' lang='lat' dir='ltr'>mecum</span> <span class='ocrx_word' id='word_1_163' title='bbox 403 2051 504 2094; x_wconf 91' lang='lat' dir='ltr'>olim</span> <span class='ocrx_word' id='word_1_164' title='bbox 521 2047 793 2108; x_wconf 87' lang='lat' dir='ltr'>acceperunt,</span> <span class='ocrx_word' id='word_1_165' title='bbox 814 2065 912 2095; x_wconf 84' lang='lat' dir='ltr'>curn</span> <span class='ocrx_word' id='word_1_166' title='bbox 932 2053 1146 2096; x_wconf 87' lang='lat' dir='ltr'>audierint</span> <span class='ocrx_word' id='word_1_167' title='bbox 1165 2055 1396 2111; x_wconf 87' lang='lat' dir='ltr'>gloriosum</span> <span class='ocrx_word' id='word_1_168' title='bbox 1415 2057 1514 2099; x_wconf 81' lang='lat' dir='ltr'>Mar-</span> 
     </span>
     <span class='ocr_line' id='line_1_24' title="bbox 105 2126 1513 2185; baseline 0.003 -15"><span class='ocrx_word' id='word_1_169' title='bbox 105 2135 243 2184; x_wconf 76' lang='lat' dir='ltr'>tyrem</span> <span class='ocrx_word' id='word_1_170' title='bbox 269 2140 348 2184; x_wconf 90' lang='lat' dir='ltr'>pro</span> <span class='ocrx_word' id='word_1_171' title='bbox 373 2126 526 2171; x_wconf 84' lang='lat' dir='ltr'>Christi</span> <span class='ocrx_word' id='word_1_172' title='bbox 552 2126 634 2170; x_wconf 90' lang='lat' dir='ltr'>fide</span> <span class='ocrx_word' id='word_1_173' title='bbox 660 2126 876 2169; x_wconf 87' lang='lat' dir='ltr'>crudelem</span> <span class='ocrx_word' id='word_1_174' title='bbox 908 2140 1054 2171; x_wconf 88' lang='lat' dir='ltr'>necem</span> <span class='ocrx_word' id='word_1_175' title='bbox 1082 2129 1280 2183; x_wconf 85' lang='lat' dir='ltr'>subiisse,</span> <span class='ocrx_word' id='word_1_176' title='bbox 1302 2132 1513 2185; x_wconf 79' lang='lat' dir='ltr'>gaudeant</span> 
     </span>
     <span class='ocr_line' id='line_1_25' title="bbox 105 2200 1512 2258; baseline 0.003 -13"><span class='ocrx_word' id='word_1_177' title='bbox 105 2201 402 2246; x_wconf 83' lang='lat' dir='ltr'>tribulationes</span> <span class='ocrx_word' id='word_1_178' title='bbox 428 2208 468 2246; x_wconf 88' lang='lat' dir='ltr'>et</span> <span class='ocrx_word' id='word_1_179' title='bbox 491 2200 708 2258; x_wconf 86' lang='lat' dir='ltr'>angustias</span> <span class='ocrx_word' id='word_1_180' title='bbox 730 2214 805 2257; x_wconf 89' lang='lat' dir='ltr'>pro</span> <span class='ocrx_word' id='word_1_181' title='bbox 831 2201 983 2246; x_wconf 90' lang='lat' dir='ltr'>Christi</span> <span class='ocrx_word' id='word_1_182' title='bbox 1005 2203 1179 2247; x_wconf 89' lang='lat' dir='ltr'>nomine</span> <span class='ocrx_word' id='word_1_183' title='bbox 1198 2219 1242 2248; x_wconf 90' lang='lat' dir='ltr'>se</span> <span class='ocrx_word' id='word_1_184' title='bbox 1268 2206 1512 2257; x_wconf 75' lang='lat' dir='ltr'>sustulisso;</span> 
     </span>
     <span class='ocr_line' id='line_1_26' title="bbox 105 2276 1514 2338; baseline 0.003 -18"><span class='ocrx_word' id='word_1_185' title='bbox 105 2285 144 2320; x_wconf 90' lang='lat' dir='ltr'>et</span> <span class='ocrx_word' id='word_1_186' title='bbox 173 2277 207 2320; x_wconf 92' lang='lat' dir='ltr'>si</span> <span class='ocrx_word' id='word_1_187' title='bbox 234 2277 340 2321; x_wconf 84' lang='lat' dir='ltr'>forte</span> <span class='ocrx_word' id='word_1_188' title='bbox 366 2292 390 2320; x_wconf 92' lang='lat' dir='ltr'>a</span> <span class='ocrx_word' id='word_1_189' title='bbox 427 2276 649 2334; x_wconf 84' lang='lat' dir='ltr'>gentilium</span> <span class='ocrx_word' id='word_1_190' title='bbox 675 2277 820 2320; x_wconf 88' lang='lat' dir='ltr'>furore</span> <span class='ocrx_word' id='word_1_191' title='bbox 847 2276 929 2320; x_wconf 91' lang='lat' dir='ltr'>illis</span> <span class='ocrx_word' id='word_1_192' title='bbox 967 2278 1134 2335; x_wconf 88' lang='lat' dir='ltr'>aliquod</span> <span class='ocrx_word' id='word_1_193' title='bbox 1164 2281 1355 2338; x_wconf 81' lang='lat' dir='ltr'>martyrii</span> <span class='ocrx_word' id='word_1_194' title='bbox 1383 2296 1514 2338; x_wconf 73' lang='lat' dir='ltr'>genus</span> 
     </span>
     <span class='ocr_line' id='line_1_27' title="bbox 103 2352 1516 2410; baseline 0.004 -15"><span class='ocrx_word' id='word_1_195' title='bbox 103 2352 267 2395; x_wconf 91' lang='lat' dir='ltr'>illatum</span> <span class='ocrx_word' id='word_1_196' title='bbox 294 2353 438 2406; x_wconf 90' lang='lat' dir='ltr'>fuerit,</span> <span class='ocrx_word' id='word_1_197' title='bbox 468 2352 660 2410; x_wconf 85' lang='lat' dir='ltr'>accipere</span> <span class='ocrx_word' id='word_1_198' title='bbox 689 2352 896 2409; x_wconf 85' lang='lat' dir='ltr'>patienter</span> <span class='ocrx_word' id='word_1_199' title='bbox 923 2366 1001 2409; x_wconf 87' lang='lat' dir='ltr'>pro</span> <span class='ocrx_word' id='word_1_200' title='bbox 1029 2353 1192 2398; x_wconf 89' lang='lat' dir='ltr'>Christo</span> <span class='ocrx_word' id='word_1_201' title='bbox 1233 2356 1408 2409; x_wconf 87' lang='lat' dir='ltr'>discant,</span> <span class='ocrx_word' id='word_1_202' title='bbox 1440 2371 1516 2400; x_wconf 87' lang='lat' dir='ltr'>nec</span> 
     </span>
     <span class='ocr_line' id='line_1_28' title="bbox 105 2427 1514 2488; baseline 0.003 -17"><span class='ocrx_word' id='word_1_203' title='bbox 105 2427 230 2471; x_wconf 90' lang='lat' dir='ltr'>etiam</span> <span class='ocrx_word' id='word_1_204' title='bbox 259 2428 412 2471; x_wconf 89' lang='lat' dir='ltr'>amodo</span> <span class='ocrx_word' id='word_1_205' title='bbox 433 2427 676 2471; x_wconf 87' lang='lat' dir='ltr'>formident.</span> <span class='ocrx_word' id='word_1_206' title='bbox 706 2427 861 2471; x_wconf 91' lang='lat' dir='ltr'>Omnes</span> <span class='ocrx_word' id='word_1_207' title='bbox 880 2427 992 2471; x_wconf 89' lang='lat' dir='ltr'>enim</span> <span class='ocrx_word' id='word_1_208' title='bbox 1015 2429 1087 2486; x_wconf 91' lang='lat' dir='ltr'>qui</span> <span class='ocrx_word' id='word_1_209' title='bbox 1114 2431 1260 2473; x_wconf 84' lang='lat' dir='ltr'>volunt</span> <span class='ocrx_word' id='word_1_210' title='bbox 1286 2432 1352 2488; x_wconf 85' lang='lat' dir='ltr'>pie</span> <span class='ocrx_word' id='word_1_211' title='bbox 1379 2432 1514 2475; x_wconf 81' lang='lat' dir='ltr'>vivere</span> 
     </span>
     <span class='ocr_line' id='line_1_29' title="bbox 103 2502 1513 2564; baseline 0.003 -18"><span class='ocrx_word' id='word_1_212' title='bbox 103 2503 147 2546; x_wconf 90' lang='lat' dir='ltr'>in</span> <span class='ocrx_word' id='word_1_213' title='bbox 174 2502 354 2557; x_wconf 87' lang='lat' dir='ltr'>Christo,</span> <span class='ocrx_word' id='word_1_214' title='bbox 383 2516 555 2546; x_wconf 89' lang='lat' dir='ltr'>necesse</span> <span class='ocrx_word' id='word_1_215' title='bbox 582 2510 642 2546; x_wconf 92' lang='lat' dir='ltr'>est</span> <span class='ocrx_word' id='word_1_216' title='bbox 669 2511 715 2546; x_wconf 90' lang='lat' dir='ltr'>ut</span> <span class='ocrx_word' id='word_1_217' title='bbox 742 2503 793 2546; x_wconf 87' lang='lat' dir='ltr'>ab</span> <span class='ocrx_word' id='word_1_218' title='bbox 821 2502 963 2559; x_wconf 90' lang='lat' dir='ltr'>impiis</span> <span class='ocrx_word' id='word_1_219' title='bbox 991 2512 1031 2546; x_wconf 90' lang='lat' dir='ltr'>et</span> <span class='ocrx_word' id='word_1_220' title='bbox 1057 2504 1333 2549; x_wconf 88' lang='lat' dir='ltr'>dissimilibus</span> <span class='ocrx_word' id='word_1_221' title='bbox 1360 2521 1513 2564; x_wconf 88' lang='lat' dir='ltr'>oppro-</span> 
     </span>
     <span class='ocr_line' id='line_1_30' title="bbox 103 2577 1512 2635; baseline 0.001 -14"><span class='ocrx_word' id='word_1_222' title='bbox 103 2577 197 2622; x_wconf 89' lang='lat' dir='ltr'>bria</span> <span class='ocrx_word' id='word_1_223' title='bbox 221 2578 451 2635; x_wconf 87' lang='lat' dir='ltr'>patiantur,</span> <span class='ocrx_word' id='word_1_224' title='bbox 482 2585 523 2621; x_wconf 91' lang='lat' dir='ltr'>et</span> <span class='ocrx_word' id='word_1_225' title='bbox 549 2577 838 2635; x_wconf 83' lang='lat' dir='ltr'>despiciantur</span> <span class='ocrx_word' id='word_1_226' title='bbox 864 2585 1081 2635; x_wconf 90' lang='lat' dir='ltr'>tamquam</span> <span class='ocrx_word' id='word_1_227' title='bbox 1110 2580 1264 2634; x_wconf 89' lang='lat' dir='ltr'>insani,</span> <span class='ocrx_word' id='word_1_228' title='bbox 1304 2589 1343 2624; x_wconf 93' lang='lat' dir='ltr'>et</span> <span class='ocrx_word' id='word_1_229' title='bbox 1380 2583 1512 2631; x_wconf 81' lang='lat' dir='ltr'>stulti,</span> 
     </span>
     <span class='ocr_line' id='line_1_31' title="bbox 105 2653 1515 2710; baseline 0.003 -14"><span class='ocrx_word' id='word_1_230' title='bbox 105 2653 206 2710; x_wconf 92' lang='lat' dir='ltr'>quia</span> <span class='ocrx_word' id='word_1_231' title='bbox 246 2667 320 2710; x_wconf 87' lang='lat' dir='ltr'>per</span> <span class='ocrx_word' id='word_1_232' title='bbox 374 2653 530 2697; x_wconf 90' lang='lat' dir='ltr'>multas</span> <span class='ocrx_word' id='word_1_233' title='bbox 584 2653 883 2696; x_wconf 89' lang='lat' dir='ltr'>tribulationes</span> <span class='ocrx_word' id='word_1_234' title='bbox 925 2666 1000 2696; x_wconf 88' lang='lat' dir='ltr'>nos</span> <span class='ocrx_word' id='word_1_235' title='bbox 1041 2663 1207 2710; x_wconf 89' lang='lat' dir='ltr'>oportet</span> <span class='ocrx_word' id='word_1_236' title='bbox 1248 2656 1426 2700; x_wconf 90' lang='lat' dir='ltr'>introire</span> <span class='ocrx_word' id='word_1_237' title='bbox 1473 2657 1515 2701; x_wconf 93' lang='lat' dir='ltr'>in</span> 
     </span>
     <span class='ocr_line' id='line_1_32' title="bbox 105 2727 403 2785; baseline -0.007 -13"><span class='ocrx_word' id='word_1_238' title='bbox 105 2741 287 2785; x_wconf 84' lang='lat' dir='ltr'>regnum</span> <span class='ocrx_word' id='word_1_239' title='bbox 313 2727 403 2771; x_wconf 92' lang='lat' dir='ltr'>Dei.</span> 
     </span>
    </p>
   </div>
  </div>
 </body>
</html>
