1998 3340
789 345 998 385 —55-

187 444 304 476 nunc
344 433 395 476 de
434 431 673 489 Apostolico
712 431 833 475 altari
877 431 1106 476 venerabili
1146 431 1269 475 nobis
1307 438 1371 475 est
1411 438 1594 476 tractan-

186 508 304 551 dum.
327 507 374 551 ln
399 507 574 565 praefata
600 506 809 565 siquidem
836 507 1065 551 venerabili
1091 506 1281 560 basilica,
1311 507 1422 550 beati
1448 507 1593 552 Jacobi

184 595 339 640 corpus
365 584 654 627 venerandum
682 582 761 625 sub
788 582 909 626 altari
938 581 1107 635 maiori,
1144 582 1258 639 quod
1295 582 1372 625 sub
1401 581 1491 626 eius
1517 583 1594 626 ho-

183 670 286 701 nore
313 656 562 710 fabricatur,
602 657 838 701 honorifice
878 657 944 714 <ut
979 656 1132 713 fertur)
1165 656 1295 714 jacet,
1341 669 1440 700 arca
1479 671 1592 700 mar-

184 745 328 776 morea
369 733 636 777 reconditum
676 732 719 775 in
760 732 919 790 optimo
972 738 1146 776 arcuato
1189 731 1433 789 sepulchro,
1480 734 1592 789 quod

182 807 291 851 miro
319 822 448 866 opere
489 815 530 852 et
571 807 864 865 magnitudine
904 807 1154 851 condecenti
1194 813 1424 863 operatur:
1481 807 1590 864 quod

179 882 306 927 etiam
348 897 503 941 corpus
546 883 765 927 immobile
810 897 903 927 esse
937 882 1204 941 perhibetur,
1234 888 1412 926 testante
1448 890 1591 926 sancto

179 957 462 1002 Theodomiro
490 958 682 1002 eiusdem
708 957 827 1001 urbis
854 956 1077 1015 Episcopo,
1108 955 1182 1014 qui
1207 955 1309 999 illud
1339 955 1441 999 olim
1473 969 1592 1013 repe-

177 1032 232 1076 rit
264 1039 304 1076 et
328 1033 571 1077 nullatenus
594 1046 764 1076 movere
791 1033 944 1090 potuit.
974 1031 1238 1075 Erubescant
1278 1030 1409 1088 igitur
1447 1031 1589 1076 aemuli

175 1102 501 1152 Transmontani
519 1109 592 1167 qui
618 1108 764 1153 dicunt
791 1122 835 1152 se
861 1106 1021 1166 aliquid
1042 1120 1091 1150 ex
1111 1120 1176 1161 eo,
1199 1106 1262 1150 vel
1282 1106 1485 1165 reliquias
1498 1107 1588 1151 eius

174 1183 349 1228 hahere.
368 1183 658 1241 Apostolicum
675 1197 862 1241 namque
878 1195 1036 1240 corpus
1051 1187 1188 1226 totum
1205 1181 1264 1224 ibi
1279 1181 1462 1225 habetur
1472 1196 1483 1236 3
1501 1196 1589 1226 car‘

172 1258 370 1320 bunculis
388 1258 663 1316 paradisiacis
681 1258 882 1303 divinitus
897 1258 1174 1312 illustratum,
1188 1257 1392 1301 odoribus
1409 1257 1583 1311 Divinis,

174 1333 532 1387 indeficientibus,
567 1333 858 1391 fragrantibus
894 1333 1159 1387 honestatur,
1191 1331 1411 1390 cereisque
1437 1333 1584 1377 coeles-

170 1408 282 1452 tibus
308 1409 570 1466 fulgentibus
596 1410 822 1453 decoratur
856 1407 1144 1466 angelicisque
1180 1408 1396 1466 obsequiis
1437 1409 1582 1452 sedule

168 1484 422 1528 honoratur.
467 1484 604 1542 Super
646 1484 768 1528 cuius
809 1484 1085 1542 sepulchrum
1122 1490 1185 1527 est
1221 1484 1351 1527 altare
1385 1498 1579 1541 parvum,

166 1560 281 1617 quod
323 1559 514 1604 eiusdem
540 1559 759 1617 Discipuli,
790 1566 836 1604 ut
862 1560 1014 1614 fertur,
1045 1559 1262 1613 fecerunt,
1301 1560 1414 1618 quod
1452 1559 1579 1603 etiam

167 1641 341 1692 propter
366 1649 556 1679 amorem
590 1635 794 1693 Apostoli,
832 1635 1234 1693 Discipulorumque
1270 1635 1378 1689 eius,
1409 1649 1433 1678 a
1460 1635 1576 1679 nullo

164 1716 312 1768 postea
337 1710 469 1754 voluit
495 1710 643 1755 deleri.
674 1711 722 1754 Et
749 1725 880 1769 super
920 1710 1024 1754 illud
1054 1717 1116 1754 est
1147 1711 1280 1754 altare
1307 1724 1511 1767 magnum
1539 1716 1579 1754 et

163 1785 374 1840 mirabile,
405 1787 515 1844 quod
559 1787 688 1830 habet
713 1786 757 1829 in
801 1786 1025 1830 altitudine
1051 1785 1242 1844 quinque
1268 1786 1432 1844 palmos
1459 1793 1499 1829 et
1536 1785 1579 1829 in

161 1860 427 1918 longitudine
454 1861 680 1906 duodecim
708 1868 747 1905 et
772 1861 816 1904 in
841 1861 1064 1905 latitudine
1090 1868 1270 1919 septem.
1301 1861 1367 1906 Sic
1392 1861 1577 1919 propriis

162 1936 361 1980 manibus
387 1950 465 1994 ego
492 1937 751 1981 mensuravi.
795 1937 865 1981 Est
893 1936 1023 1994 igitur
1051 1937 1184 1981 altare
1210 1950 1389 1994 parvum
1416 1950 1463 1980 ex
1503 1936 1577 1980 tri-

161 2012 241 2056 bus
270 2012 490 2066 lateribus,
520 2013 570 2056 ad
598 2013 812 2056 dexteram
838 2012 998 2056 scilicet
1033 2018 1074 2056 et
1098 2012 1243 2056 laevam
1276 2018 1318 2056 et
1352 2018 1467 2056 retro
1495 2012 1574 2056 sub

159 2088 309 2131 eodem
336 2087 457 2132 altari
483 2101 639 2145 magno
666 2088 883 2140 clausum3
914 2088 987 2132 sed
1013 2087 1058 2131 in
1095 2094 1219 2131 antea
1259 2093 1472 2145 apertum,
1516 2087 1574 2131 ita

159 2169 205 2205 ut
242 2162 375 2206 videri
418 2170 564 2220 aperte
617 2169 770 2221 potest,
818 2163 956 2207 ablata
992 2163 1138 2207 tabula
1179 2168 1395 2220 argentea,
1440 2162 1571 2207 altare

158 2245 292 2282 vetus.
339 2237 419 2282 Sed
446 2238 580 2296 siquis
606 2238 940 2296 coopertorium,
969 2239 1034 2281 vel
1069 2238 1313 2290 linteamen,
1343 2238 1394 2281 ad
1421 2252 1572 2296 coope-

156 2312 355 2357 riendum
390 2313 521 2357 altare
565 2313 855 2371 Apostolicum
895 2327 1040 2358 amore
1081 2313 1192 2357 beati
1232 2312 1378 2357 Jacobi
1404 2313 1571 2358 mittere

155 2388 351 2442 voluerit,
380 2389 430 2432 de
457 2401 610 2433 novem
634 2388 812 2447 palmis:
842 2388 887 2432 in
913 2388 1138 2433 latitudine
1157 2389 1259 2432 etin
1283 2387 1566 2446 longitudine,

156 2464 207 2507 de
251 2463 398 2521 viginti
438 2470 480 2507 et
512 2477 599 2508 uno
641 2463 811 2508 mittere
849 2464 988 2508 debet.
1019 2463 1061 2508 Si
1094 2478 1192 2508 vero
1217 2463 1394 2523 pallium
1427 2477 1571 2507 amore

154 2538 244 2592 Dei,
275 2545 315 2582 et
348 2538 537 2597 Apostoli
577 2538 673 2597 quis
713 2539 765 2583 ad
794 2539 1129 2597 cooperiendum
1155 2539 1302 2594 altare,
1333 2538 1493 2583 scilicet
1526 2538 1569 2582 in

152 2619 292 2668 antea,
321 2613 506 2668 miserit;
534 2614 689 2668 videat,
719 2620 766 2658 ut
792 2614 883 2659 eius
909 2614 1086 2660 latitudo
1113 2621 1277 2673 septem
1303 2614 1456 2673 palmis
1474 2613 1566 2669 fiat,

152 2695 193 2733 et
229 2688 455 2747 longitudo
496 2688 586 2734 eius
622 2688 843 2735 tredecim.
