<?xml version="1.0" encoding="UTF-8"?>
<!DOCTYPE html PUBLIC "-//W3C//DTD XHTML 1.0 Transitional//EN"
    "http://www.w3.org/TR/xhtml1/DTD/xhtml1-transitional.dtd">
<html xmlns="http://www.w3.org/1999/xhtml" xml:lang="en" lang="en">
 <head>
  <title>
</title>
<meta http-equiv="Content-Type" content="text/html;charset=utf-8" />
  <meta name='ocr-system' content='tesseract 3.04.00' />
  <meta name='ocr-capabilities' content='ocr_page ocr_carea ocr_par ocr_line ocrx_word'/>
</head>
<body>
  <div class='ocr_page' id='page_1' title='image "./lecodexdesaintja00fita_0037.png"; bbox 0 0 1998 3340; ppageno 0'>
   <div class='ocr_carea' id='block_1_1' title="bbox 778 337 986 377">
    <p class='ocr_par' dir='ltr' id='par_1_1' title="bbox 778 337 986 377">
     <span class='ocr_line' id='line_1_1' title="bbox 778 337 986 377; baseline 0 -9"><span class='ocrx_word' id='word_1_1' title='bbox 778 337 986 377; x_wconf 61' lang='lat'>„23-</span> 
     </span>
    </p>
   </div>
   <div class='ocr_carea' id='block_1_2' title="bbox 130 422 1587 2588">
    <p class='ocr_par' dir='ltr' id='par_1_2' title="bbox 130 422 1587 2588">
     <span class='ocr_line' id='line_1_2' title="bbox 173 422 1581 483; baseline 0 -14"><span class='ocrx_word' id='word_1_2' title='bbox 173 424 409 470; x_wconf 82' lang='lat' dir='ltr'>Theocritae</span> <span class='ocrx_word' id='word_1_3' title='bbox 426 424 512 468; x_wconf 87' lang='lat' dir='ltr'>filia</span> <span class='ocrx_word' id='word_1_4' title='bbox 533 430 686 483; x_wconf 86' lang='lat' dir='ltr'>optatae</span> <span class='ocrx_word' id='word_1_5' title='bbox 706 422 779 467; x_wconf 92' lang='lat' dir='ltr'>diu</span> <span class='ocrx_word' id='word_1_6' title='bbox 799 422 989 480; x_wconf 83' lang='lat' dir='ltr'>sospitati</span> <span class='ocrx_word' id='word_1_7' title='bbox 1006 423 1271 477; x_wconf 85' lang='lat' dir='ltr'>restituitur;</span> <span class='ocrx_word' id='word_1_8' title='bbox 1299 431 1501 481; x_wconf 83' lang='lat' dir='ltr'>aegrotus,</span> <span class='ocrx_word' id='word_1_9' title='bbox 1521 432 1581 469; x_wconf 94' lang='lat' dir='ltr'>to-</span> 
     </span>
     <span class='ocr_line' id='line_1_3' title="bbox 171 498 1583 558; baseline 0 -14"><span class='ocrx_word' id='word_1_10' title='bbox 171 500 255 544; x_wconf 88' lang='lat' dir='ltr'>tius</span> <span class='ocrx_word' id='word_1_11' title='bbox 271 499 462 558; x_wconf 87' lang='lat' dir='ltr'>corporis</span> <span class='ocrx_word' id='word_1_12' title='bbox 481 499 720 544; x_wconf 84' lang='lat' dir='ltr'>valetudine</span> <span class='ocrx_word' id='word_1_13' title='bbox 746 512 911 553; x_wconf 88' lang='lat' dir='ltr'>carens,</span> <span class='ocrx_word' id='word_1_14' title='bbox 931 498 1214 543; x_wconf 80' lang='lat' dir='ltr'>incolumitati</span> <span class='ocrx_word' id='word_1_15' title='bbox 1241 498 1315 542; x_wconf 92' lang='lat' dir='ltr'>diu</span> <span class='ocrx_word' id='word_1_16' title='bbox 1335 499 1583 544; x_wconf 82' lang='lat' dir='ltr'>desideratae</span> 
     </span>
     <span class='ocr_line' id='line_1_4' title="bbox 170 573 1580 632; baseline -0.001 -13"><span class='ocrx_word' id='word_1_17' title='bbox 170 574 388 628; x_wconf 84' lang='lat' dir='ltr'>redditur;</span> <span class='ocrx_word' id='word_1_18' title='bbox 438 588 560 618; x_wconf 89' lang='lat' dir='ltr'>cerva</span> <span class='ocrx_word' id='word_1_19' title='bbox 598 587 707 632; x_wconf 89' lang='lat' dir='ltr'>quae</span> <span class='ocrx_word' id='word_1_20' title='bbox 733 574 853 631; x_wconf 91' lang='lat' dir='ltr'>prius</span> <span class='ocrx_word' id='word_1_21' title='bbox 895 580 986 618; x_wconf 89' lang='lat' dir='ltr'>erat</span> <span class='ocrx_word' id='word_1_22' title='bbox 1011 573 1234 627; x_wconf 84' lang='lat' dir='ltr'>indomita,</span> <span class='ocrx_word' id='word_1_23' title='bbox 1265 573 1357 631; x_wconf 89' lang='lat' dir='ltr'>ejus</span> <span class='ocrx_word' id='word_1_24' title='bbox 1391 574 1580 631; x_wconf 89' lang='lat' dir='ltr'>imperiis</span> 
     </span>
     <span class='ocr_line' id='line_1_5' title="bbox 168 647 1579 702; baseline 0.001 -10"><span class='ocrx_word' id='word_1_25' title='bbox 168 650 400 694; x_wconf 83' lang='lat' dir='ltr'>domestica</span> <span class='ocrx_word' id='word_1_26' title='bbox 427 650 574 694; x_wconf 83' lang='lat' dir='ltr'>effecta</span> <span class='ocrx_word' id='word_1_27' title='bbox 598 649 852 702; x_wconf 60' lang='lat' dir='ltr'>famulatum</span> <span class='ocrx_word' id='word_1_28' title='bbox 873 649 984 693; x_wconf 91' lang='lat' dir='ltr'>Ordo</span> <span class='ocrx_word' id='word_1_29' title='bbox 1018 647 1297 702; x_wconf 86' lang='lat' dir='ltr'>monasticus,</span> <span class='ocrx_word' id='word_1_30' title='bbox 1321 648 1392 692; x_wconf 92' lang='lat' dir='ltr'>illo</span> <span class='ocrx_word' id='word_1_31' title='bbox 1421 649 1579 693; x_wconf 87' lang='lat' dir='ltr'>Abbate</span> 
     </span>
     <span class='ocr_line' id='line_1_6' title="bbox 169 723 1581 782; baseline -0.002 -13"><span class='ocrx_word' id='word_1_32' title='bbox 169 725 476 782; x_wconf 81' lang='lat' dir='ltr'>patrocinante,</span> <span class='ocrx_word' id='word_1_33' title='bbox 495 731 796 782; x_wconf 88' lang='lat' dir='ltr'>augmentatur</span> <span class='ocrx_word' id='word_1_34' title='bbox 811 739 821 778; x_wconf 82' lang='lat'><em>3</em></span> <span class='ocrx_word' id='word_1_35' title='bbox 853 736 1170 781; x_wconf 81' lang='lat' dir='ltr'>energumenus</span> <span class='ocrx_word' id='word_1_36' title='bbox 1187 737 1211 766; x_wconf 89' lang='lat' dir='ltr'>a</span> <span class='ocrx_word' id='word_1_37' title='bbox 1237 723 1448 767; x_wconf 85' lang='lat' dir='ltr'>daemonio</span> <span class='ocrx_word' id='word_1_38' title='bbox 1476 724 1581 767; x_wconf 90' lang='lat' dir='ltr'>libe-</span> 
     </span>
     <span class='ocr_line' id='line_1_7' title="bbox 166 798 1579 859; baseline -0.002 -15"><span class='ocrx_word' id='word_1_39' title='bbox 166 807 286 844; x_wconf 90' lang='lat' dir='ltr'>ratur</span> <span class='ocrx_word' id='word_1_40' title='bbox 302 815 312 854; x_wconf 81' lang='lat'><em>3</em></span> <span class='ocrx_word' id='word_1_41' title='bbox 342 802 562 859; x_wconf 85' lang='lat' dir='ltr'>peccatum</span> <span class='ocrx_word' id='word_1_42' title='bbox 583 799 736 851; x_wconf 86' lang='lat' dir='ltr'>Caroli,</span> <span class='ocrx_word' id='word_1_43' title='bbox 756 799 807 842; x_wconf 89' lang='lat' dir='ltr'>ab</span> <span class='ocrx_word' id='word_1_44' title='bbox 826 799 983 856; x_wconf 89' lang='lat' dir='ltr'>Angelo</span> <span class='ocrx_word' id='word_1_45' title='bbox 1011 798 1092 842; x_wconf 92' lang='lat' dir='ltr'>sibi</span> <span class='ocrx_word' id='word_1_46' title='bbox 1113 798 1362 853; x_wconf 84' lang='lat' dir='ltr'>revelatum,</span> <span class='ocrx_word' id='word_1_47' title='bbox 1393 799 1496 856; x_wconf 82' lang='lat' dir='ltr'>Regi</span> <span class='ocrx_word' id='word_1_48' title='bbox 1517 799 1579 841; x_wconf 90' lang='lat' dir='ltr'>di-</span> 
     </span>
     <span class='ocr_line' id='line_1_8' title="bbox 166 873 1579 930; baseline -0.001 -11"><span class='ocrx_word' id='word_1_49' title='bbox 166 875 371 929; x_wconf 88' lang='lat' dir='ltr'>mittitur;</span> <span class='ocrx_word' id='word_1_50' title='bbox 401 875 624 919; x_wconf 86' lang='lat' dir='ltr'>defunctus</span> <span class='ocrx_word' id='word_1_51' title='bbox 643 875 694 918; x_wconf 84' lang='lat' dir='ltr'>ad</span> <span class='ocrx_word' id='word_1_52' title='bbox 713 874 839 918; x_wconf 86' lang='lat' dir='ltr'>vitam</span> <span class='ocrx_word' id='word_1_53' title='bbox 871 874 1087 926; x_wconf 63' lang='lat' dir='ltr'>redditum</span> <span class='ocrx_word' id='word_1_54' title='bbox 1123 880 1366 917; x_wconf 87' lang='lat' dir='ltr'>contractus</span> <span class='ocrx_word' id='word_1_55' title='bbox 1389 873 1579 930; x_wconf 66' lang='lat' dir='ltr'>pristinae</span> 
     </span>
     <span class='ocr_line' id='line_1_9' title="bbox 164 949 1576 1008; baseline -0.002 -13"><span class='ocrx_word' id='word_1_56' title='bbox 164 952 287 995; x_wconf 84' lang='lat' dir='ltr'>saluti</span> <span class='ocrx_word' id='word_1_57' title='bbox 315 951 531 1004; x_wconf 87' lang='lat' dir='ltr'>redditur;</span> <span class='ocrx_word' id='word_1_58' title='bbox 570 950 701 993; x_wconf 89' lang='lat' dir='ltr'>immo</span> <span class='ocrx_word' id='word_1_59' title='bbox 727 951 811 994; x_wconf 89' lang='lat' dir='ltr'>duo</span> <span class='ocrx_word' id='word_1_60' title='bbox 853 949 1095 1008; x_wconf 83' lang='lat' dir='ltr'>cypressina</span> <span class='ocrx_word' id='word_1_61' title='bbox 1134 949 1255 1002; x_wconf 87' lang='lat' dir='ltr'>ostia,</span> <span class='ocrx_word' id='word_1_62' title='bbox 1286 949 1576 993; x_wconf 84' lang='lat' dir='ltr'>Praelatorum</span> 
     </span>
     <span class='ocr_line' id='line_1_10' title="bbox 163 1024 1578 1084; baseline -0.001 -15"><span class='ocrx_word' id='word_1_63' title='bbox 163 1027 421 1084; x_wconf 89' lang='lat' dir='ltr'>imaginibus</span> <span class='ocrx_word' id='word_1_64' title='bbox 448 1029 748 1084; x_wconf 74' lang='lat' dir='ltr'>Apostolorum</span> <span class='ocrx_word' id='word_1_65' title='bbox 776 1025 1001 1082; x_wconf 83' lang='lat' dir='ltr'>insculpta,</span> <span class='ocrx_word' id='word_1_66' title='bbox 1031 1038 1055 1068; x_wconf 88' lang='lat' dir='ltr'>a</span> <span class='ocrx_word' id='word_1_67' title='bbox 1080 1024 1273 1068; x_wconf 89' lang='lat' dir='ltr'>Romana</span> <span class='ocrx_word' id='word_1_68' title='bbox 1297 1024 1404 1067; x_wconf 88' lang='lat' dir='ltr'>urbe</span> <span class='ocrx_word' id='word_1_69' title='bbox 1441 1038 1578 1082; x_wconf 88' lang='lat' dir='ltr'>usque</span> 
     </span>
     <span class='ocr_line' id='line_1_11' title="bbox 162 1094 1577 1159; baseline -0.003 -13"><span class='ocrx_word' id='word_1_70' title='bbox 162 1103 213 1146; x_wconf 85' lang='lat' dir='ltr'>ad</span> <span class='ocrx_word' id='word_1_71' title='bbox 257 1094 452 1146; x_wconf 81' lang='lat' dir='ltr'>Rhodani</span> <span class='ocrx_word' id='word_1_72' title='bbox 493 1109 666 1159; x_wconf 82' lang='lat' dir='ltr'>portum</span> <span class='ocrx_word' id='word_1_73' title='bbox 702 1115 779 1158; x_wconf 90' lang='lat' dir='ltr'>per</span> <span class='ocrx_word' id='word_1_74' title='bbox 805 1100 992 1144; x_wconf 86' lang='lat' dir='ltr'>marinas</span> <span class='ocrx_word' id='word_1_75' title='bbox 1019 1100 1155 1144; x_wconf 91' lang='lat' dir='ltr'>undas</span> <span class='ocrx_word' id='word_1_76' title='bbox 1181 1099 1272 1143; x_wconf 92' lang='lat' dir='ltr'>sine</span> <span class='ocrx_word' id='word_1_77' title='bbox 1300 1099 1439 1157; x_wconf 90' lang='lat' dir='ltr'>aliquo</span> <span class='ocrx_word' id='word_1_78' title='bbox 1466 1100 1577 1157; x_wconf 88' lang='lat' dir='ltr'>regi-</span> 
     </span>
     <span class='ocr_line' id='line_1_12' title="bbox 130 1175 1572 1235; baseline 0 -17"><span class='ocrx_word' id='word_1_79' title='bbox 130 1216 132 1218; x_wconf 78' lang='grc'>,</span> <span class='ocrx_word' id='word_1_80' title='bbox 161 1176 274 1221; x_wconf 86' lang='lat' dir='ltr'>mine</span> <span class='ocrx_word' id='word_1_81' title='bbox 302 1177 379 1221; x_wconf 91' lang='lat' dir='ltr'>soli</span> <span class='ocrx_word' id='word_1_82' title='bbox 402 1176 563 1235; x_wconf 85' lang='lat' dir='ltr'>potenti</span> <span class='ocrx_word' id='word_1_83' title='bbox 590 1176 774 1234; x_wconf 90' lang='lat' dir='ltr'>imperio</span> <span class='ocrx_word' id='word_1_84' title='bbox 801 1189 878 1219; x_wconf 89' lang='lat' dir='ltr'>suo</span> <span class='ocrx_word' id='word_1_85' title='bbox 905 1175 1175 1233; x_wconf 85' lang='lat' dir='ltr'>perveniunt.</span> <span class='ocrx_word' id='word_1_86' title='bbox 1197 1175 1355 1218; x_wconf 86' lang='lat' dir='ltr'>Taedet</span> <span class='ocrx_word' id='word_1_87' title='bbox 1374 1175 1572 1228; x_wconf 87' lang='lat' dir='ltr'>memori,</span> 
     </span>
     <span class='ocr_line' id='line_1_13' title="bbox 157 1249 1573 1312; baseline -0.002 -16"><span class='ocrx_word' id='word_1_88' title='bbox 157 1252 461 1312; x_wconf 26' lang='lat' dir='ltr'>quia-narrare</span> <span class='ocrx_word' id='word_1_89' title='bbox 488 1265 655 1309; x_wconf 87' lang='lat' dir='ltr'>nequeo</span> <span class='ocrx_word' id='word_1_90' title='bbox 682 1251 773 1309; x_wconf 87' lang='lat' dir='ltr'>ejus</span> <span class='ocrx_word' id='word_1_91' title='bbox 802 1251 946 1294; x_wconf 83' lang='lat' dir='ltr'>omnia</span> <span class='ocrx_word' id='word_1_92' title='bbox 973 1256 1066 1294; x_wconf 90' lang='lat' dir='ltr'>acta</span> <span class='ocrx_word' id='word_1_93' title='bbox 1109 1250 1366 1303; x_wconf 87' lang='lat' dir='ltr'>veneranda,</span> <span class='ocrx_word' id='word_1_94' title='bbox 1414 1249 1573 1294; x_wconf 88' lang='lat' dir='ltr'>idcirco</span> 
     </span>
     <span class='ocr_line' id='line_1_14' title="bbox 157 1324 1572 1385; baseline -0.001 -14"><span class='ocrx_word' id='word_1_95' title='bbox 157 1327 258 1385; x_wconf 89' lang='lat' dir='ltr'>quia</span> <span class='ocrx_word' id='word_1_96' title='bbox 285 1334 346 1371; x_wconf 83' lang='lat' dir='ltr'>tot</span> <span class='ocrx_word' id='word_1_97' title='bbox 372 1334 486 1381; x_wconf 92' lang='lat' dir='ltr'>sunt,</span> <span class='ocrx_word' id='word_1_98' title='bbox 515 1334 557 1371; x_wconf 86' lang='lat' dir='ltr'>et</span> <span class='ocrx_word' id='word_1_99' title='bbox 582 1333 712 1370; x_wconf 88' lang='lat' dir='ltr'>tanta.</span> <span class='ocrx_word' id='word_1_100' title='bbox 743 1326 888 1370; x_wconf 75' lang='lat' dir='ltr'>Graeca</span> <span class='ocrx_word' id='word_1_101' title='bbox 920 1326 1040 1370; x_wconf 88' lang='lat' dir='ltr'>stella</span> <span class='ocrx_word' id='word_1_102' title='bbox 1066 1324 1318 1379; x_wconf 86' lang='lat' dir='ltr'>clarissima,</span> <span class='ocrx_word' id='word_1_103' title='bbox 1347 1331 1572 1383; x_wconf 84' lang='lat' dir='ltr'>postquam</span> 
     </span>
     <span class='ocr_line' id='line_1_15' title="bbox 155 1387 1587 1457; baseline -0.001 -12"><span class='ocrx_word' id='word_1_104' title='bbox 155 1402 221 1446; x_wconf 91' lang='lat' dir='ltr'>his</span> <span class='ocrx_word' id='word_1_105' title='bbox 256 1402 386 1446; x_wconf 88' lang='lat' dir='ltr'>radiis</span> <span class='ocrx_word' id='word_1_106' title='bbox 423 1401 758 1445; x_wconf 86' lang='lat' dir='ltr'>Provincialibus</span> <span class='ocrx_word' id='word_1_107' title='bbox 786 1401 931 1453; x_wconf 82' lang='lat' dir='ltr'>eluxit,</span> <span class='ocrx_word' id='word_1_108' title='bbox 970 1400 1082 1443; x_wconf 90' lang='lat' dir='ltr'>inter</span> <span class='ocrx_word' id='word_1_109' title='bbox 1124 1400 1218 1443; x_wconf 91' lang='lat' dir='ltr'>illos</span> <span class='ocrx_word' id='word_1_110' title='bbox 1245 1400 1406 1457; x_wconf 89' lang='lat' dir='ltr'>optime</span> <span class='ocrx_word' id='word_1_111' title='bbox 1446 1387 1587 1445; x_wconf 76' lang='lat' dir='ltr'>accu-v</span> 
     </span>
     <span class='ocr_line' id='line_1_16' title="bbox 154 1475 1570 1533; baseline -0.001 -12"><span class='ocrx_word' id='word_1_112' title='bbox 154 1477 261 1532; x_wconf 90' lang='lat' dir='ltr'>buit,</span> <span class='ocrx_word' id='word_1_113' title='bbox 305 1490 391 1521; x_wconf 92' lang='lat' dir='ltr'>non</span> <span class='ocrx_word' id='word_1_114' title='bbox 433 1476 651 1530; x_wconf 86' lang='lat' dir='ltr'>deficiens,</span> <span class='ocrx_word' id='word_1_115' title='bbox 691 1477 762 1520; x_wconf 91' lang='lat' dir='ltr'>sed</span> <span class='ocrx_word' id='word_1_116' title='bbox 806 1482 1115 1533; x_wconf 81' lang='lat' dir='ltr'>augmentans3</span> <span class='ocrx_word' id='word_1_117' title='bbox 1157 1488 1242 1518; x_wconf 94' lang='lat' dir='ltr'>non</span> <span class='ocrx_word' id='word_1_118' title='bbox 1269 1489 1346 1519; x_wconf 84' lang='lat' dir='ltr'>sua</span> <span class='ocrx_word' id='word_1_119' title='bbox 1371 1475 1570 1520; x_wconf 87' lang='lat' dir='ltr'>amittens</span> 
     </span>
     <span class='ocr_line' id='line_1_17' title="bbox 153 1550 1566 1610; baseline -0.001 -14"><span class='ocrx_word' id='word_1_120' title='bbox 153 1552 329 1605; x_wconf 87' lang='lat' dir='ltr'>lumina,</span> <span class='ocrx_word' id='word_1_121' title='bbox 370 1553 443 1596; x_wconf 91' lang='lat' dir='ltr'>sed</span> <span class='ocrx_word' id='word_1_122' title='bbox 485 1552 682 1610; x_wconf 85' lang='lat' dir='ltr'>praebens</span> <span class='ocrx_word' id='word_1_123' title='bbox 724 1551 924 1595; x_wconf 89' lang='lat' dir='ltr'>omnibus</span> <span class='ocrx_word' id='word_1_124' title='bbox 951 1550 1162 1609; x_wconf 91' lang='lat' dir='ltr'>duplicia;</span> <span class='ocrx_word' id='word_1_125' title='bbox 1192 1564 1278 1594; x_wconf 91' lang='lat' dir='ltr'>non</span> <span class='ocrx_word' id='word_1_126' title='bbox 1305 1551 1566 1595; x_wconf 88' lang='lat' dir='ltr'>descendens</span> 
     </span>
     <span class='ocr_line' id='line_1_18' title="bbox 151 1625 1567 1684; baseline -0.001 -13"><span class='ocrx_word' id='word_1_127' title='bbox 151 1628 202 1671; x_wconf 85' lang='lat' dir='ltr'>ad</span> <span class='ocrx_word' id='word_1_128' title='bbox 230 1627 392 1681; x_wconf 81' lang='lat' dir='ltr'>intima,</span> <span class='ocrx_word' id='word_1_129' title='bbox 423 1628 495 1671; x_wconf 86' lang='lat' dir='ltr'>sed</span> <span class='ocrx_word' id='word_1_130' title='bbox 530 1627 764 1671; x_wconf 88' lang='lat' dir='ltr'>ascendens</span> <span class='ocrx_word' id='word_1_131' title='bbox 790 1627 840 1670; x_wconf 86' lang='lat' dir='ltr'>ad</span> <span class='ocrx_word' id='word_1_132' title='bbox 869 1625 1033 1684; x_wconf 81' lang='lat' dir='ltr'>Olympi</span> <span class='ocrx_word' id='word_1_133' title='bbox 1070 1625 1319 1679; x_wconf 80' lang='lat' dir='ltr'>cacumina3</span> <span class='ocrx_word' id='word_1_134' title='bbox 1362 1639 1448 1669; x_wconf 91' lang='lat' dir='ltr'>non</span> <span class='ocrx_word' id='word_1_135' title='bbox 1474 1640 1567 1670; x_wconf 91' lang='lat' dir='ltr'>mo-</span> 
     </span>
     <span class='ocr_line' id='line_1_19' title="bbox 151 1700 1565 1761; baseline -0.001 -14"><span class='ocrx_word' id='word_1_136' title='bbox 151 1703 300 1747; x_wconf 89' lang='lat' dir='ltr'>riendo</span> <span class='ocrx_word' id='word_1_137' title='bbox 326 1703 418 1761; x_wconf 88' lang='lat' dir='ltr'>ejus</span> <span class='ocrx_word' id='word_1_138' title='bbox 443 1703 512 1746; x_wconf 89' lang='lat' dir='ltr'>lux</span> <span class='ocrx_word' id='word_1_139' title='bbox 540 1709 631 1746; x_wconf 85' lang='lat' dir='ltr'>atra</span> <span class='ocrx_word' id='word_1_140' title='bbox 665 1702 864 1756; x_wconf 83' lang='lat' dir='ltr'>efficitur,</span> <span class='ocrx_word' id='word_1_141' title='bbox 894 1703 964 1746; x_wconf 90' lang='lat' dir='ltr'>sed</span> <span class='ocrx_word' id='word_1_142' title='bbox 999 1701 1088 1745; x_wconf 89' lang='lat' dir='ltr'>suis</span> <span class='ocrx_word' id='word_1_143' title='bbox 1114 1700 1355 1758; x_wconf 79' lang='lat' dir='ltr'>insignibus</span> <span class='ocrx_word' id='word_1_144' title='bbox 1387 1700 1565 1746; x_wconf 86' lang='lat' dir='ltr'>sidereis</span> 
     </span>
     <span class='ocr_line' id='line_1_20' title="bbox 147 1776 1563 1837; baseline -0.001 -15"><span class='ocrx_word' id='word_1_145' title='bbox 147 1778 304 1822; x_wconf 88' lang='lat' dir='ltr'>clarior</span> <span class='ocrx_word' id='word_1_146' title='bbox 329 1792 418 1837; x_wconf 84' lang='lat' dir='ltr'>prae</span> <span class='ocrx_word' id='word_1_147' title='bbox 448 1777 613 1822; x_wconf 87' lang='lat' dir='ltr'>caeteris</span> <span class='ocrx_word' id='word_1_148' title='bbox 655 1777 867 1821; x_wconf 88' lang='lat' dir='ltr'>sideribus</span> <span class='ocrx_word' id='word_1_149' title='bbox 908 1776 1063 1821; x_wconf 89' lang='lat' dir='ltr'>sanctis</span> <span class='ocrx_word' id='word_1_150' title='bbox 1104 1790 1181 1834; x_wconf 90' lang='lat' dir='ltr'>per</span> <span class='ocrx_word' id='word_1_151' title='bbox 1206 1783 1390 1834; x_wconf 85' lang='lat' dir='ltr'>quatuor</span> <span class='ocrx_word' id='word_1_152' title='bbox 1431 1777 1563 1820; x_wconf 90' lang='lat' dir='ltr'>cosmi</span> 
     </span>
     <span class='ocr_line' id='line_1_21' title="bbox 147 1851 1563 1910; baseline -0.001 -13"><span class='ocrx_word' id='word_1_153' title='bbox 147 1853 315 1898; x_wconf 91' lang='lat' dir='ltr'>climata</span> <span class='ocrx_word' id='word_1_154' title='bbox 355 1854 553 1897; x_wconf 89' lang='lat' dir='ltr'>habetur.</span> <span class='ocrx_word' id='word_1_155' title='bbox 584 1852 718 1896; x_wconf 87' lang='lat' dir='ltr'>Media</span> <span class='ocrx_word' id='word_1_156' title='bbox 756 1852 887 1910; x_wconf 88' lang='lat' dir='ltr'>igitur</span> <span class='ocrx_word' id='word_1_157' title='bbox 912 1858 1055 1905; x_wconf 88' lang='lat' dir='ltr'>nocte,</span> <span class='ocrx_word' id='word_1_158' title='bbox 1097 1851 1334 1904; x_wconf 87' lang='lat' dir='ltr'>Dominica,</span> <span class='ocrx_word' id='word_1_159' title='bbox 1371 1852 1563 1896; x_wconf 85' lang='lat' dir='ltr'>kalendis</span> 
     </span>
     <span class='ocr_line' id='line_1_22' title="bbox 145 1926 1562 1986; baseline -0.001 -14"><span class='ocrx_word' id='word_1_160' title='bbox 145 1929 415 1986; x_wconf 80' lang='lat' dir='ltr'>septembris,</span> <span class='ocrx_word' id='word_1_161' title='bbox 444 1929 526 1973; x_wconf 88' lang='lat' dir='ltr'>hoc</span> <span class='ocrx_word' id='word_1_162' title='bbox 555 1928 673 1972; x_wconf 90' lang='lat' dir='ltr'>sidus</span> <span class='ocrx_word' id='word_1_163' title='bbox 699 1928 911 1982; x_wconf 88' lang='lat' dir='ltr'>accubuit,</span> <span class='ocrx_word' id='word_1_164' title='bbox 941 1929 1055 1986; x_wconf 90' lang='lat' dir='ltr'>quod</span> <span class='ocrx_word' id='word_1_165' title='bbox 1082 1928 1240 1972; x_wconf 89' lang='lat' dir='ltr'>chorus</span> <span class='ocrx_word' id='word_1_166' title='bbox 1266 1926 1491 1985; x_wconf 87' lang='lat' dir='ltr'>Angelicus</span> <span class='ocrx_word' id='word_1_167' title='bbox 1518 1928 1562 1971; x_wconf 90' lang='lat' dir='ltr'>in</span> 
     </span>
     <span class='ocr_line' id='line_1_23' title="bbox 145 2002 1559 2062; baseline -0.001 -14"><span class='ocrx_word' id='word_1_168' title='bbox 145 2004 315 2061; x_wconf 88' lang='lat' dir='ltr'>politica</span> <span class='ocrx_word' id='word_1_169' title='bbox 342 2004 406 2062; x_wconf 76' lang='lat'>(1)</span> <span class='ocrx_word' id='word_1_170' title='bbox 435 2005 533 2048; x_wconf 91' lang='lat' dir='ltr'>sede</span> <span class='ocrx_word' id='word_1_171' title='bbox 560 2017 706 2048; x_wconf 89' lang='lat' dir='ltr'>secum</span> <span class='ocrx_word' id='word_1_172' title='bbox 732 2003 972 2057; x_wconf 88' lang='lat' dir='ltr'>collocavit;</span> <span class='ocrx_word' id='word_1_173' title='bbox 993 2011 1033 2047; x_wconf 90' lang='lat' dir='ltr'>et</span> <span class='ocrx_word' id='word_1_174' title='bbox 1052 2003 1172 2061; x_wconf 85' lang='lat' dir='ltr'>plebs</span> <span class='ocrx_word' id='word_1_175' title='bbox 1198 2002 1435 2047; x_wconf 83' lang='lat' dir='ltr'>Gothorum</span> <span class='ocrx_word' id='word_1_176' title='bbox 1462 2017 1559 2046; x_wconf 90' lang='lat' dir='ltr'>cum</span> 
     </span>
     <span class='ocr_line' id='line_1_24' title="bbox 143 2078 1558 2136; baseline 0 -14"><span class='ocrx_word' id='word_1_177' title='bbox 143 2079 294 2123; x_wconf 86' lang='lat' dir='ltr'>ordine</span> <span class='ocrx_word' id='word_1_178' title='bbox 322 2079 543 2124; x_wconf 86' lang='lat' dir='ltr'>Monachili</span> <span class='ocrx_word' id='word_1_179' title='bbox 562 2079 605 2122; x_wconf 91' lang='lat' dir='ltr'>in</span> <span class='ocrx_word' id='word_1_180' title='bbox 624 2079 758 2123; x_wconf 88' lang='lat' dir='ltr'>libero</span> <span class='ocrx_word' id='word_1_181' title='bbox 777 2079 939 2136; x_wconf 87' lang='lat' dir='ltr'>praedio</span> <span class='ocrx_word' id='word_1_182' title='bbox 966 2092 1059 2132; x_wconf 91' lang='lat' dir='ltr'>suo,</span> <span class='ocrx_word' id='word_1_183' title='bbox 1085 2078 1198 2122; x_wconf 89' lang='lat' dir='ltr'>inter</span> <span class='ocrx_word' id='word_1_184' title='bbox 1223 2078 1558 2123; x_wconf 90' lang='lat' dir='ltr'>Nemausensem</span> 
     </span>
     <span class='ocr_line' id='line_1_25' title="bbox 142 2153 1558 2211; baseline 0 -13"><span class='ocrx_word' id='word_1_185' title='bbox 142 2155 300 2199; x_wconf 88' lang='lat' dir='ltr'>scilicet</span> <span class='ocrx_word' id='word_1_186' title='bbox 327 2155 478 2199; x_wconf 86' lang='lat' dir='ltr'>urbem</span> <span class='ocrx_word' id='word_1_187' title='bbox 506 2161 546 2198; x_wconf 92' lang='lat' dir='ltr'>et</span> <span class='ocrx_word' id='word_1_188' title='bbox 571 2154 749 2198; x_wconf 90' lang='lat' dir='ltr'>fluvium</span> <span class='ocrx_word' id='word_1_189' title='bbox 774 2154 1048 2207; x_wconf 87' lang='lat' dir='ltr'>Rhodanum,</span> <span class='ocrx_word' id='word_1_190' title='bbox 1076 2153 1314 2198; x_wconf 84' lang='lat' dir='ltr'>honorifica</span> <span class='ocrx_word' id='word_1_191' title='bbox 1336 2154 1558 2211; x_wconf 85' lang='lat' dir='ltr'>sepultura</span> 
     </span>
     <span class='ocr_line' id='line_1_26' title="bbox 142 2229 1558 2288; baseline -0.001 -15"><span class='ocrx_word' id='word_1_192' title='bbox 142 2230 222 2273; x_wconf 90' lang='lat' dir='ltr'>sibi</span> <span class='ocrx_word' id='word_1_193' title='bbox 261 2230 504 2288; x_wconf 86' lang='lat' dir='ltr'>hospitavit.</span> <span class='ocrx_word' id='word_1_194' title='bbox 545 2231 699 2287; x_wconf 86' lang='lat' dir='ltr'>Ingens</span> <span class='ocrx_word' id='word_1_195' title='bbox 725 2243 824 2273; x_wconf 89' lang='lat' dir='ltr'>arca</span> <span class='ocrx_word' id='word_1_196' title='bbox 850 2243 996 2284; x_wconf 90' lang='lat' dir='ltr'>aurea,</span> <span class='ocrx_word' id='word_1_197' title='bbox 1026 2244 1122 2288; x_wconf 83' lang='lat' dir='ltr'>quae</span> <span class='ocrx_word' id='word_1_198' title='bbox 1149 2236 1211 2274; x_wconf 92' lang='lat' dir='ltr'>est</span> <span class='ocrx_word' id='word_1_199' title='bbox 1236 2236 1352 2273; x_wconf 85' lang='lat' dir='ltr'>retro</span> <span class='ocrx_word' id='word_1_200' title='bbox 1379 2229 1470 2274; x_wconf 90' lang='lat' dir='ltr'>eius</span> <span class='ocrx_word' id='word_1_201' title='bbox 1497 2230 1558 2273; x_wconf 88' lang='lat' dir='ltr'>al-</span> 
     </span>
     <span class='ocr_line' id='line_1_27' title="bbox 143 2304 1557 2364; baseline -0.001 -16"><span class='ocrx_word' id='word_1_202' title='bbox 143 2313 230 2349; x_wconf 88' lang='lat' dir='ltr'>tare</span> <span class='ocrx_word' id='word_1_203' title='bbox 257 2319 387 2363; x_wconf 88' lang='lat' dir='ltr'>super</span> <span class='ocrx_word' id='word_1_204' title='bbox 413 2305 547 2363; x_wconf 89' lang='lat' dir='ltr'>ipsius</span> <span class='ocrx_word' id='word_1_205' title='bbox 575 2319 730 2364; x_wconf 89' lang='lat' dir='ltr'>corpus</span> <span class='ocrx_word' id='word_1_206' title='bbox 756 2305 1065 2359; x_wconf 88' lang='lat' dir='ltr'>venerandum,</span> <span class='ocrx_word' id='word_1_207' title='bbox 1097 2305 1142 2348; x_wconf 91' lang='lat' dir='ltr'>in</span> <span class='ocrx_word' id='word_1_208' title='bbox 1169 2304 1370 2349; x_wconf 88' lang='lat' dir='ltr'>sinistrali</span> <span class='ocrx_word' id='word_1_209' title='bbox 1398 2304 1557 2348; x_wconf 82' lang='lat' dir='ltr'>scilicet</span> 
     </span>
     <span class='ocr_line' id='line_1_28' title="bbox 142 2379 1556 2437; baseline -0.001 -14"><span class='ocrx_word' id='word_1_210' title='bbox 142 2388 259 2437; x_wconf 84' lang='lat' dir='ltr'>parte</span> <span class='ocrx_word' id='word_1_211' title='bbox 296 2380 435 2437; x_wconf 92' lang='lat' dir='ltr'>primo</span> <span class='ocrx_word' id='word_1_212' title='bbox 475 2381 611 2436; x_wconf 82' lang='lat' dir='ltr'>gradu</span> <span class='ocrx_word' id='word_1_213' title='bbox 654 2393 723 2424; x_wconf 90' lang='lat' dir='ltr'>sex</span> <span class='ocrx_word' id='word_1_214' title='bbox 754 2380 1056 2437; x_wconf 89' lang='lat' dir='ltr'>Apostolorum</span> <span class='ocrx_word' id='word_1_215' title='bbox 1100 2379 1359 2437; x_wconf 84' lang='lat' dir='ltr'>imaginibus</span> <span class='ocrx_word' id='word_1_216' title='bbox 1386 2386 1449 2423; x_wconf 89' lang='lat' dir='ltr'>est</span> <span class='ocrx_word' id='word_1_217' title='bbox 1491 2379 1556 2422; x_wconf 92' lang='lat' dir='ltr'>in-</span> 
     </span>
     <span class='ocr_line' id='line_1_29' title="bbox 139 2454 1556 2513; baseline 0.001 -16"><span class='ocrx_word' id='word_1_218' title='bbox 139 2454 318 2512; x_wconf 87' lang='lat' dir='ltr'>sculpta,</span> <span class='ocrx_word' id='word_1_219' title='bbox 339 2454 384 2498; x_wconf 92' lang='lat' dir='ltr'>in</span> <span class='ocrx_word' id='word_1_220' title='bbox 409 2469 494 2513; x_wconf 93' lang='lat' dir='ltr'>quo</span> <span class='ocrx_word' id='word_1_221' title='bbox 516 2457 652 2513; x_wconf 88' lang='lat' dir='ltr'>gradu</span> <span class='ocrx_word' id='word_1_222' title='bbox 670 2454 872 2513; x_wconf 91' lang='lat' dir='ltr'>primitus</span> <span class='ocrx_word' id='word_1_223' title='bbox 892 2455 1029 2499; x_wconf 86' lang='lat' dir='ltr'>beatae</span> <span class='ocrx_word' id='word_1_224' title='bbox 1049 2455 1191 2499; x_wconf 87' lang='lat' dir='ltr'>Mariae</span> <span class='ocrx_word' id='word_1_225' title='bbox 1207 2455 1347 2512; x_wconf 86' lang='lat' dir='ltr'>imago</span> <span class='ocrx_word' id='word_1_226' title='bbox 1366 2467 1556 2511; x_wconf 89' lang='lat' dir='ltr'>congrue</span> 
     </span>
     <span class='ocr_line' id='line_1_30' title="bbox 138 2528 1553 2588; baseline 0.001 -16"><span class='ocrx_word' id='word_1_227' title='bbox 138 2529 362 2588; x_wconf 84' lang='lat' dir='ltr'>sculpitur.</span> <span class='ocrx_word' id='word_1_228' title='bbox 400 2531 448 2574; x_wconf 89' lang='lat' dir='ltr'>In</span> <span class='ocrx_word' id='word_1_229' title='bbox 475 2531 661 2575; x_wconf 91' lang='lat' dir='ltr'>secundo</span> <span class='ocrx_word' id='word_1_230' title='bbox 688 2544 788 2574; x_wconf 89' lang='lat' dir='ltr'>vero</span> <span class='ocrx_word' id='word_1_231' title='bbox 815 2531 953 2588; x_wconf 47' lang='lat' dir='ltr'>gradu*</span> <span class='ocrx_word' id='word_1_232' title='bbox 977 2544 1151 2575; x_wconf 92' lang='lat' dir='ltr'>sursum</span> <span class='ocrx_word' id='word_1_233' title='bbox 1178 2529 1402 2575; x_wconf 83' lang='lat' dir='ltr'>duodecim</span> <span class='ocrx_word' id='word_1_234' title='bbox 1430 2528 1553 2588; x_wconf 84' lang='lat' dir='ltr'>signa</span> 
     </span>
    </p>
   </div>
   <div class='ocr_carea' id='block_1_3' title="bbox 182 2697 545 2744">
    <p class='ocr_par' dir='ltr' id='par_1_3' title="bbox 182 2697 545 2744">
     <span class='ocr_line' id='line_1_31' title="bbox 182 2697 545 2744; baseline 0.003 -12"><span class='ocrx_word' id='word_1_235' title='bbox 182 2697 232 2741; x_wconf 74' lang='lat'>(1)</span> <span class='ocrx_word' id='word_1_236' title='bbox 257 2698 315 2734; x_wconf 94' lang='lat' dir='ltr'>Du</span> <span class='ocrx_word' id='word_1_237' title='bbox 334 2698 402 2734; x_wconf 88' lang='lat' dir='ltr'>ciel</span> <span class='ocrx_word' id='word_1_238' title='bbox 422 2697 545 2744; x_wconf 77' lang='lat' dir='ltr'>(poli).</span> 
     </span>
    </p>
   </div>
  </div>
 </body>
</html>
