1998 3340
754 353 962 394 -61-

151 441 293 486 nonici
330 441 599 499 septuaginta
634 442 736 495 duo,
780 441 891 485 beati
934 439 1085 486 Isidori
1123 439 1417 498 Hispaniensis
1467 440 1565 484 doc-

151 516 257 561 toris
303 517 495 574 regulam
546 524 751 562 tenentes.
807 517 881 560 His
932 523 1074 561 autern
1128 513 1374 559 dividuntur
1424 515 1566 559 altaris

152 591 285 636 sancti
318 592 463 636 Jacobi
495 592 728 636 oblationes
755 605 832 650 per
859 591 1046 649 singulas
1081 590 1385 634 hebdomadas.
1427 590 1566 634 Primo

153 667 310 711 dantur
342 667 576 711 oblationes
615 667 658 710 in
691 666 830 724 prima
855 667 1151 720 hebdomada3
1196 666 1381 710 secundo
1424 665 1468 708 in
1499 679 1567 709 se-

154 744 292 787 cunda
320 758 330 797 ;
384 743 510 788 tertio
537 743 580 787 in
607 743 759 797 tertia;
804 743 957 787 deinde
988 742 1083 786 aliis
1108 756 1245 800 usque
1280 742 1332 785 ad
1371 741 1568 785 ultimum

152 818 410 876 largiuntur.
442 820 488 863 ln
515 818 728 863 dominica
755 832 926 878 quaque
953 818 1036 871 die,
1067 824 1113 862 ut
1147 818 1298 871 fertur,
1342 816 1451 860 fiunt
1484 824 1570 861 tres

153 902 295 952 partes
323 894 601 947 oblationum,
632 908 817 952 quarum
843 894 983 952 prima
1008 892 1162 950 accipit
1188 891 1567 946 hebdomadarius,

154 969 222 1013 cui
251 969 410 1022 evenit;
441 983 490 1013 ex
515 969 608 1013 aliis
634 983 733 1013 vero
759 970 925 1013 duabus
946 968 1155 1026 partibus,
1185 964 1342 1011 iterum
1372 967 1416 1010 in
1446 967 1573 1011 simul

156 1044 407 1106 commixtis,
459 1044 566 1088 fiunt
609 1050 695 1087 tres
739 1051 895 1101 partes,
941 1056 1127 1101 quarum
1178 1056 1264 1086 una
1291 1042 1574 1086 communiter

156 1119 281 1163 datur
306 1119 522 1164 canonicis
549 1121 600 1163 ad
627 1120 873 1177 prandium,
904 1120 986 1163 alia
1015 1119 1135 1177 operi
1160 1119 1363 1174 basilicae‚
1394 1120 1475 1163 alia
1502 1133 1569 1163 ar-

156 1194 427 1253 chiepiscopo
455 1195 659 1239 ecelesiae.
697 1195 776 1239 Sed
811 1195 1096 1248 hebdomada,
1137 1208 1233 1252 quae
1261 1202 1323 1239 est
1348 1195 1459 1239 inter
1484 1194 1574 1238 Pal-

158 1278 317 1323 mosset
357 1271 579 1325 Pascham‚
617 1272 742 1315 debet
776 1271 865 1314 dari
917 1271 997 1314 rite
1029 1269 1292 1328 pauperibus
1336 1269 1576 1328 peregrinis

159 1346 295 1389 sancti
318 1346 462 1390 Jacobi
490 1347 532 1389 in
558 1346 773 1404 hospitali.
806 1346 956 1399 Immo,
988 1345 1023 1389 si
1059 1345 1226 1403 justitia
1252 1345 1324 1389 Dei
1363 1352 1574 1403 teneatur,

158 1421 318 1465 decima
343 1435 441 1479 pars
468 1422 732 1465 oblationum
759 1421 904 1465 altaris
932 1420 1065 1465 saneti
1090 1420 1236 1464 ,lacobi
1254 1420 1577 1478 omnitempore

158 1497 422 1555 pauperibus
472 1497 515 1539 in
558 1497 757 1554 hospitali
802 1496 1203 1554 supervenientibus
1244 1496 1336 1540 dari
1381 1496 1577 1539 debetur.

158 1571 314 1616 Omnes
343 1572 457 1615 enim
504 1572 723 1630 peregrini
751 1586 961 1629 pauperes
987 1571 1130 1630 prima
1165 1578 1289 1615 nocte
1322 1578 1417 1629 post
1450 1571 1578 1625 diem,

161 1661 246 1704 qua
280 1647 393 1690 beati
419 1647 566 1691 ¹laeobi
592 1648 725 1691 altare
753 1647 999 1701 adveniunt,
1029 1647 1073 1690 in
1111 1646 1312 1704 hospitali
1339 1646 1581 1704 plenarium

161 1722 416 1780 hospitium,
445 1736 592 1767 amore
620 1723 692 1767 Dei
719 1730 759 1767 et
785 1723 992 1781 Apostoli,
1017 1723 1237 1780 suscipere
1266 1722 1453 1775 debent;
1483 1721 1585 1779 aegri

162 1812 261 1842 vero
297 1812 434 1856 usque
474 1799 526 1843 ad
562 1805 760 1853 mortem,
807 1799 872 1842 vel
907 1799 959 1842 ad
1001 1798 1214 1856 integram
1266 1797 1494 1841 sanitatem
1526 1796 1585 1840 ibi

164 1874 410 1918 charitative
436 1881 534 1919 sunt
560 1874 852 1933 procurandi3
883 1874 944 1919 sic
970 1874 1083 1918 enim
1121 1875 1234 1932 apud
1262 1880 1454 1918 sanctum
1482 1873 1586 1917 Leo-

165 1950 348 1994 nardum
368 1949 524 2007 agitur.
547 1949 655 2001 Quot
680 1963 893 2008 pauperes
911 1949 1237 2008 peregrinantes
1263 1949 1322 1992 ibi
1340 1948 1583 2003 adveniunt,

166 2031 227 2069 tot
263 2025 540 2070 refectionem
580 2025 808 2083 accipiunt.
854 2025 1016 2069 Debent
1066 2026 1193 2070 etiam
1239 2025 1330 2068 dari
1387 2038 1435 2068 ex
1468 2036 1588 2067 more

168 2101 417 2155 oblationes,
447 2115 545 2159 quae
564 2100 738 2145 veniunt
764 2101 814 2144 ad
833 2101 966 2145 altare
993 2115 1017 2144 a
1043 2114 1168 2145 mane
1181 2114 1348 2145 summo
1372 2113 1509 2157 usque
1535 2099 1588 2143 ad

168 2176 354 2231 tertiam,
413 2191 491 2234 per
544 2189 900 2234 unumquemque
949 2176 1219 2221 Dominicum
1258 2175 1369 2221 diem
1408 2173 1589 2232 leprosis

169 2252 361 2309 ejusdem
387 2252 522 2296 urbis.
550 2251 668 2302 Quod
696 2251 731 2295 si
758 2251 911 2309 aliquis
938 2251 1142 2295 Praelatus
1170 2251 1364 2309 ejusdem
1398 2250 1587 2294 Basilicae

171 2341 220 2371 ex
245 2328 326 2372 hoo
350 2328 545 2372 fraudem
587 2327 748 2380 fecerit,
778 2327 842 2370 vel
876 2327 920 2369 in
953 2327 1035 2371 alio
1061 2327 1187 2371 modo
1220 2326 1458 2371 oblationes
1488 2326 1589 2369 dan-

170 2404 261 2455 das,
294 2411 342 2447 ut
366 2403 531 2462 praefati
571 2416 737 2457 sumus,
768 2402 1039 2456 converterit,
1072 2402 1184 2447 inter
1215 2402 1351 2446 Deum
1391 2409 1432 2445 et
1466 2401 1588 2444 illum

173 2485 394 2536 peccatum
422 2478 537 2523 illius
564 2478 631 2523 sit.
