1998 3340
1047 353 1252 392 -12-

445 446 577 501 larga.
614 444 677 487 Tu
709 449 868 496 autem,
900 441 933 485 si
971 441 1015 484 in
1044 446 1188 485 aestate
1222 439 1331 483 forte
1364 451 1441 496 per
1479 451 1572 482 eam
1613 436 1850 491 transieris,

445 519 596 563 faciem
625 526 740 562 tuam
765 517 952 561 studiose
973 515 1136 560 custodi
1162 529 1185 558 a
1211 513 1367 557 muscis
1386 512 1722 564 immanissimis,
1754 525 1853 569 quae

447 609 609 653 quespe,
629 594 691 638 vel
718 600 900 645 temones,
931 592 1054 648 vulgo
1081 591 1294 643 dicuntur,
1314 603 1410 646 quae
1431 587 1610 631 maxime
1638 587 1696 631 ibi
1717 587 1854 630 abun·

447 672 571 722 dant;
591 677 630 713 et
642 669 721 712 nisi
737 669 962 725 diligenter
980 667 1128 723 pedem
1141 663 1446 715 observaveris,
1465 663 1507 705 in
1526 676 1655 705 arena
1671 662 1852 715 marina,

448 759 543 802 quae
570 744 625 788 ibi
655 744 887 795 abundant,
917 755 1052 798 usque
1079 741 1129 783 ad
1154 753 1292 795 genua
1322 737 1517 782 velociter
1536 738 1679 794 lapsus
1705 737 1851 780 fueris.

506 820 700 863 Transito
726 832 823 862 vero
852 818 931 860 boc
957 816 1060 868 solo,
1091 814 1304 857 invenitur
1339 820 1453 856 terra
1479 811 1724 863 Gasconica,
1754 825 1857 856 can-

448 894 545 938 dido
571 907 680 952 pane
714 901 751 936 et
779 892 937 950 optimo
965 891 1058 933 vino
1100 889 1339 933 rubicundo
1365 889 1498 945 larga,
1528 886 1776 931 nemoribus
1819 894 1858 930 et

450 969 580 1026 pratis
618 968 970 1024 fluminibusque,
1016 965 1202 1008 fontibus
1244 964 1356 1007 sanis
1390 970 1501 1021 apta.
1547 962 1725 1007 Gasconi
1762 969 1860 1005 sunt

448 1044 632 1102 levilogi,
668 1043 853 1095 verbosi,
883 1041 1111 1093 derisores,
1155 1039 1387 1092 libidinosi,
1417 1038 1588 1091 ebriosi,
1627 1037 1731 1082 cibis
1757 1051 1858 1094 pro-

450 1120 552 1177 digi,
584 1119 692 1163 male
719 1117 872 1170 induti,
902 1115 1053 1174 pannis
1089 1122 1129 1158 et
1154 1114 1266 1171 gazis
1292 1112 1523 1166 devastati;
1562 1112 1683 1156 bellis
1717 1119 1858 1156 tamen

451 1194 625 1247 assueti,
687 1194 757 1237 sed
814 1191 1100 1248 hospitalitate
1158 1202 1395 1247 pauperum
1460 1187 1680 1245 praecipui.
1744 1187 1861 1232 Circa

452 1271 594 1328 ignem
622 1269 834 1317 sedentes,
864 1267 954 1310 sine
985 1278 1133 1309 mensa
1160 1265 1383 1308 comedere
1411 1270 1451 1306 et
1477 1276 1574 1306 cum
1592 1276 1676 1306 uno
1704 1263 1860 1321 scypho

453 1358 602 1388 omnes
635 1343 768 1386 libere
811 1349 1006 1386 utuntur.
1054 1340 1242 1397 Largiter
1278 1339 1505 1383 comedunt
1545 1345 1584 1381 et
1617 1337 1784 1391 bibunt,
1822 1345 1862 1381 et

454 1420 562 1463 male
606 1418 875 1471 vestiuntur3
916 1424 954 1460 et
992 1415 1145 1473 turpe!
1187 1413 1416 1472 suppositis
1450 1413 1595 1470 paucis
1627 1413 1774 1470 paleis,
1819 1413 1861 1456 in

453 1494 679 1551 putredine
714 1493 887 1545 scilicet,
920 1491 1078 1534 familia
1104 1504 1200 1533 cum
1228 1488 1400 1532 domino
1429 1496 1468 1531 et
1495 1487 1682 1540 domina,
1712 1501 1860 1531 omnes

454 1584 538 1613 una
570 1569 841 1613 recumbunt.
882 1567 926 1610 In
968 1566 1097 1610 buius
1125 1572 1249 1608 terrae
1289 1563 1416 1615 exitu,
1447 1563 1510 1606 via
1539 1563 1701 1606 scilicet
1728 1564 1859 1607 sancti

454 1644 625 1697 Jacobi,
680 1644 893 1687 habentur
944 1643 1040 1687 duos
1068 1640 1199 1693 fluvii,
1245 1640 1316 1697 qui
1368 1652 1499 1696 prope
1550 1638 1687 1681 villam
1730 1639 1861 1682 sancti

453 1720 629 1764 Joannis
654 1719 827 1762 Sorduae
854 1717 930 1774 (1),
962 1717 1067 1760 alter
1098 1715 1257 1758 scilicet
1292 1716 1341 1757 ad
1371 1715 1585 1757 dexteram
1614 1720 1654 1757 et
1680 1714 1785 1757 alter
1811 1716 1860 1757 ad

454 1795 615 1848 laevam,
663 1794 829 1846 ssuunt;
884 1805 1067 1849 quorum
1122 1804 1233 1833 unus
1283 1789 1438 1832 dicitur
1484 1788 1633 1842 Gaver,
1677 1795 1718 1832 et
1758 1789 1863 1832 alter

456 1869 616 1913 flumen
658 1868 729 1926 qui
775 1869 865 1911 sine
915 1874 1004 1910 rate
1047 1866 1163 1909 nullo
1214 1865 1338 1908 modo
1391 1863 1643 1907 transmeari
1696 1864 1860 1921 possit;

456 1957 640 2002 quorum
666 1950 806 1987 nauta}
833 1942 1000 1999 penitus
1027 1943 1298 1984 damnantur.
1331 1940 1431 1983 Cum
1452 1939 1564 1982 enim
1590 1938 1767 1982 flumina
1794 1938 1863 1981 illa

456 2020 683 2062 admodum
711 2018 854 2062 stricta
880 2017 978 2070 sint,
1009 2027 1152 2060 tamen
1179 2017 1228 2059 de
1262 2028 1518 2072 unoquoque
1558 2012 1745 2065 homine,
1779 2018 1860 2055 tam

457 2095 507 2138 de
535 2107 720 2151 paupere
755 2106 883 2149 quam
912 2093 962 2135 de
999 2091 1139 2143 divite,
1169 2104 1296 2147 quem
1325 2090 1436 2133 ultra
1477 2087 1688 2144 navigant,
1728 2100 1861 2130 unum

458 2181 681 2212 nummum
722 2181 840 2210 more
889 2166 1134 2223 accipiunt,
1177 2173 1218 2209 et
1256 2166 1306 2208 de
1346 2164 1540 2221 jumento
1581 2169 1779 2220 quatuor,
1827 2162 1862 2204 vi

457 2244 583 2287 etiam
625 2242 796 2298 indigne
829 2241 1015 2298 capiunt.
1054 2240 1124 2284 Est
1165 2240 1289 2283 etiam
1319 2239 1434 2281 navis
1470 2238 1644 2280 illorum
1678 2236 1857 2289 modica,

457 2318 585 2362 unius
611 2317 777 2361 arboris
803 2317 925 2368 facta,
956 2330 1086 2373 equos
1125 2315 1298 2358 minime
1325 2313 1564 2370 recipiens;
1608 2326 1737 2369 quam
1763 2326 1861 2356 eum

458 2393 696 2445 intraveris,
719 2391 901 2448 teipsum
921 2398 1040 2434 caute
1062 2390 1224 2434 custodi
1251 2403 1303 2433 ne
1320 2389 1427 2432 forte
1455 2388 1496 2430 in
1525 2401 1680 2445 aquam
1708 2388 1860 2433 cadas,

459 2467 671 2525 oportebit
706 2466 818 2510 enim
846 2480 1003 2524 equum
1040 2473 1160 2509 tuum
1187 2479 1263 2522 per
1298 2464 1467 2507 frenum
1495 2463 1665 2506 trabere
1702 2469 1796 2519 post
1824 2467 1863 2504 te

457 2550 572 2587 extra
607 2542 746 2586 navim
774 2555 850 2598 per
876 2541 1087 2598 pelagum.
1117 2540 1399 2597 Quapropter,
1429 2552 1526 2582 cum
1553 2536 1699 2595 paucis
1724 2536 1863 2594 ingre-

504 2699 552 2743 (1)
579 2698 724 2735 sordes.
