1998 3340
1040 385 1249 424 —26—

432 471 792 528 quemadmodum
830 484 921 514 eum
963 470 1150 515 vidistis.
1180 471 1229 514 In
1269 470 1454 515 secundo
1481 483 1579 514 vero
1607 471 1742 528 gradu
1778 471 1848 514 alii

433 559 503 589 sex
530 546 718 603 Apostoli
754 547 906 590 eodem
936 547 1062 589 modo
1111 553 1270 590 stantes
1303 547 1573 603 sculpuntur,
1605 547 1678 590 sed
1713 553 1753 590 et
1778 560 1848 590 co-

432 621 590 664 lumnae
634 634 777 664 aureae
802 621 913 665 inter
942 621 1162 678 Apostolos
1189 635 1238 665 ex
1265 629 1446 679 utraque
1473 628 1594 678 parte
1614 622 1843 666 habentur.

433 696 475 738 ln
504 696 627 739 tertio
661 696 796 753 gradu
824 696 1031 740 Dominus
1059 702 1140 739 stat
1175 703 1339 740 erectus
1373 697 1416 739 in
1461 697 1615 740 throno
1657 696 1842 754 quodam

429 784 581 824 aureo3
627 778 667 814 et
709 772 792 815 duo
828 771 975 828 Angeli
1017 776 1191 823 stantes,
1225 785 1333 815 unus
1369 772 1420 815 ad
1471 772 1700 824 dexteram,
1731 769 1844 814 illius

427 853 467 889 et
511 846 618 890 alius
669 847 720 889 ad
765 847 950 899 laevam,
1005 853 1120 890 extra
1167 847 1394 900 thronum,
1449 846 1647 889 manibus
1701 853 1844 889 osten-

427 923 532 965 dunt
558 921 784 965 Dominum
810 922 1037 979 Apostolis‚
1068 921 1247 979 singulis
1278 922 1477 966 manibus
1505 935 1678 965 sursum
1705 921 1841 965 eleva-

427 997 494 1050 tis,
524 996 788 1054 singulisque
816 998 1017 1040 deorsum
1046 996 1289 1049 inclinatis;
1320 1003 1360 1040 et
1398 1010 1528 1054 super
1573 995 1840 1040 Dominicum

424 1079 565 1128 caput,
612 1078 725 1115 extra
779 1073 982 1116 thronum
1024 1071 1198 1125 scilicet,
1250 1071 1447 1115 columba
1489 1071 1671 1115 habetur
1715 1071 1840 1128 quasi

424 1147 600 1190 volitans
651 1161 779 1205 super
828 1161 941 1191 eum.
999 1147 1047 1190 In
1084 1153 1235 1204 quarto
1278 1160 1377 1190 vero
1421 1146 1572 1190 ordine
1620 1147 1842 1205 superiore

426 1225 632 1269 Dominus
675 1225 884 1282 sculpitur
927 1225 970 1267 in
1013 1224 1095 1268 alio
1135 1225 1290 1268 throno
1334 1238 1494 1277 aureo3
1535 1231 1575 1267 et
1597 1224 1715 1282 juxta
1742 1238 1839 1267 eum

425 1307 609 1357 quatuor
650 1300 927 1357 Evangelistae
963 1300 1177 1343 habentur
1207 1315 1216 1343 2
1248 1300 1380 1343 Lucas
1423 1299 1583 1343 scilicet
1620 1299 1664 1342 in
1701 1299 1841 1357 specie

422 1376 538 1419 bovis
580 1383 725 1419 contra
768 1375 1042 1419 Meridianam
1082 1382 1247 1432 partem
1290 1375 1508 1428 deorsum,
1545 1381 1586 1418 et
1619 1374 1840 1418 Matthaeus

422 1451 557 1494 instar
583 1450 769 1494 hominis
796 1452 1039 1495 desursum.
1075 1451 1123 1493 In
1149 1450 1231 1494 alia
1257 1457 1376 1508 parte
1403 1456 1551 1494 contra
1578 1449 1838 1507 Septentrio-

422 1540 519 1569 nem
547 1533 610 1570 est
636 1526 800 1569 Marcus
828 1525 962 1569 instar
986 1525 1123 1569 leonis
1150 1525 1366 1578 deorsum,
1398 1532 1437 1568 et
1463 1525 1647 1569 Joannes
1674 1524 1717 1567 in
1748 1539 1836 1568 mo-

417 1602 518 1644 dum
547 1601 700 1659 aquilae
727 1601 972 1644 desursum.
1002 1600 1231 1644 Sciendum
1258 1613 1356 1644 vero
1383 1608 1448 1644 est
1475 1600 1588 1658 quod
1617 1600 1835 1644 Dominica

416 1677 626 1729 Maiestas,
656 1690 752 1734 quae
779 1682 841 1720 est
867 1675 911 1719 in
937 1676 1109 1728 throno,
1130 1689 1218 1719 non
1244 1676 1381 1728 sedet3
1413 1675 1486 1718 sed
1510 1683 1625 1719 recta
1651 1683 1713 1719 est
1738 1677 1834 1720 dor-

416 1765 510 1794 sum
555 1759 704 1795 tenens
747 1765 893 1795 versus
938 1750 1172 1804 Meridiem‚
1218 1757 1258 1794 et
1302 1758 1443 1795 erecto
1479 1750 1641 1807 capite;
1683 1751 1834 1808 aspicit

415 1826 538 1883 quasi
566 1827 610 1869 in
645 1827 799 1871 coelum
837 1828 1008 1871 dextera
1045 1840 1176 1869 manu
1202 1826 1336 1869 levata
1363 1839 1552 1878 sursum,
1595 1832 1635 1869 et
1660 1825 1704 1868 in
1731 1827 1833 1870 laeva

414 1903 674 1946 cruciculam
700 1909 831 1955 tenet;
861 1909 901 1946 et
942 1902 1002 1946 sic
1028 1901 1218 1945 ascendit
1244 1902 1294 1944 ad
1321 1901 1505 1954 Patrem,
1536 1900 1607 1958 qui
1635 1900 1679 1943 in
1706 1915 1832 1945 cacu-

412 1977 526 2021 mine
553 1991 662 2022 arcae
678 1977 801 2021 illum
818 1978 984 2035 recipit.
1006 1978 1151 2034 ltaque
1170 1976 1280 2020 beati
1309 1976 1463 2032 AEgidii
1481 1976 1744 2020 Confessoris
1766 1991 1829 2020 se—

412 2054 584 2110 pultura
601 2053 809 2105 consistit,
830 2053 873 2096 in
891 2067 975 2111 qua
993 2052 1086 2109 ejus
1105 2066 1260 2109 corpus
1283 2052 1570 2096 venerandum
1591 2051 1827 2096 honorifice

411 2127 655 2185 requiescit.
686 2128 950 2180 Erubescant
976 2126 1106 2184 igitur
1124 2126 1318 2184 Hungari
1345 2127 1419 2184 qui
1440 2126 1586 2170 dicunt
1604 2140 1648 2170 se
1667 2126 1827 2172 habere

410 2203 499 2247 eius
527 2217 701 2261 corpus,
733 2203 1046 2246 conturbentur
1074 2202 1248 2245 ominno
1285 2201 1569 2254 Cammelarii,
1600 2201 1672 2259 qui
1711 2216 1826 2245 som-

408 2278 527 2322 niant
553 2292 597 2322 se
632 2278 791 2322 habere
819 2278 910 2321 eius
946 2277 1163 2334 integrum
1190 2290 1362 2334 corpus.
1392 2277 1626 2320 Tabescant
1660 2276 1825 2321 Sancti-

407 2354 642 2412 sequanici,
672 2354 745 2411 qui
773 2354 980 2397 extollunt
999 2367 1044 2397 se
1064 2353 1225 2396 habere
1243 2352 1335 2396 eius
1363 2359 1516 2409 caput;
1548 2359 1824 2396 revereantur

405 2429 599 2473 similiter
625 2428 915 2472 Constantiani
942 2427 1194 2481 Normanni,
1225 2427 1296 2485 qui
1321 2426 1484 2485 jactant
1510 2441 1554 2471 se
1582 2428 1740 2471 habere
1758 2435 1822 2471 to-

401 2512 490 2547 tum
519 2504 652 2561 ipsius
672 2517 845 2561 corpus,
866 2517 963 2546 cum
992 2504 1108 2546 nullo
1126 2503 1252 2546 modo
1272 2503 1364 2560 ejus
1383 2502 1485 2547 Ossa
1514 2503 1817 2559 sacratissima,

401 2586 446 2622 ut
492 2594 515 2622 a
559 2579 704 2622 multis
741 2578 949 2636 probatur
990 2585 1148 2636 queant
1184 2584 1301 2621 extra
1342 2591 1437 2621 oras
1479 2578 1613 2636 ipsius
1642 2577 1815 2621 deferri.

399 2653 579 2704 Quidam
621 2653 732 2698 enim
774 2653 886 2698 beati
931 2652 1193 2698 Confessoris
1248 2653 1474 2697 brachium
1526 2653 1818 2697 venerandum

400 2736 517 2773 extra
542 2729 810 2787 AEgidianam
839 2728 1023 2772 PatrIam
1051 2728 1096 2771 in
1123 2727 1208 2772 oris
1243 2728 1399 2772 scilicet
1429 2727 1676 2786 longinquis
1713 2727 1817 2772 olim
