1998 3340
1032 381 1237 422 -50-

434 468 547 513 beati
573 467 716 513 Jacobi
743 467 983 512 venduntur
1009 468 1272 526 peregrinis3
1296 475 1337 512 et
1362 467 1470 512 butti
1494 467 1662 523 vinarii,
1693 468 1842 513 sotula-

432 557 519 596 res,
546 558 662 602 perae
687 543 885 597 cervinae,
924 544 1160 600 marsupia,
1197 543 1408 600 corrigiae,
1445 543 1628 601 cingutae
1654 551 1695 588 et
1720 557 1846 587 omne

430 633 565 678 genus
591 620 827 664 herbarum
855 618 1190 672 medicinalium,
1215 626 1254 662 et
1284 627 1438 663 caetera
1457 619 1673 677 pigmenta
1698 626 1739 663 et
1764 618 1846 663 alia

430 696 565 739 multa
590 695 649 739 ibi
679 696 731 740 ad
757 695 1026 739 vendendum
1053 694 1280 738 habentur.
1311 694 1602 740 Cambiatores
1633 701 1672 738 et
1699 694 1844 753 hospi-

429 772 533 815 tales
574 770 803 829 caeterique
831 777 1090 815 mercatores
1117 769 1161 813 in
1198 769 1265 814 via
1306 770 1570 828 Franoigena
1610 770 1840 815 habentur.

429 846 654 892 Paradisus
680 860 780 891 vero
809 846 879 890 ille
908 853 1049 890 tantus
1075 853 1139 890 est
1167 852 1352 903 quantus
1374 846 1512 904 jactus
1535 852 1598 890 est
1623 845 1775 903 lapidis
1800 845 1844 889 in

425 929 608 981 utraque
633 929 768 981 parte.

835 1100 851 1141 ξ
867 1099 897 1132 7.
916 1118 956 1123 ——-
970 1100 1019 1133 De
1037 1102 1133 1142 porta
1149 1100 1433 1142 septemtrionali.

482 1226 580 1270 Post
623 1225 870 1283 paradisum
916 1238 1103 1282 namque
1143 1225 1282 1277 illum,
1323 1224 1680 1282 septemtrionalis
1720 1233 1844 1283 porta

424 1302 687 1358 Franoigena
730 1300 922 1344 eiusdem
948 1299 1138 1344 basilicae
1167 1293 1297 1344 sancti
1335 1300 1479 1344 Jacobi
1521 1300 1759 1354 invenitur;
1800 1301 1843 1344 in

423 1392 508 1436 qua
532 1378 616 1421 duo
644 1376 844 1420 introitus
878 1376 1109 1430 habentur,
1140 1376 1213 1434 qui
1240 1376 1366 1420 etiarn
1407 1376 1474 1419 his
1515 1376 1717 1434 operibus
1748 1376 1843 1433 pul—

424 1453 526 1497 chre
550 1453 820 1510 sculpuntur.
842 1452 890 1495 In
910 1464 1171 1509 unoquoque
1190 1451 1367 1495 introitu
1389 1451 1573 1495 exterius
1594 1465 1665 1495 sex
1683 1450 1843 1499 haben-

423 1535 494 1572 tur
521 1528 745 1582 columnae,
774 1526 866 1571 aliae
893 1540 1158 1581 marmoreae,
1189 1526 1280 1570 aliae
1319 1526 1516 1585 lapideae3
1547 1527 1598 1572 ad
1626 1527 1840 1571 dexteram

423 1611 528 1658 tres,
559 1611 600 1648 et
626 1605 677 1647 ad
696 1604 841 1647 laevam
866 1609 976 1655 tres;
1001 1616 1071 1646 sex
1089 1601 1249 1646 scilicet
1266 1602 1311 1646 in
1327 1615 1413 1646 uno
1436 1601 1614 1646 introitu
1635 1611 1676 1646 et
1701 1615 1773 1646 sex
1797 1602 1842 1645 in

423 1679 527 1734 alio;
552 1679 694 1737 itaque
721 1677 947 1744 duodecim
974 1678 1189 1722 habentur
1215 1678 1441 1721 columnae.
1465 1677 1602 1735 Super
1626 1691 1727 1721 vero
1770 1691 1841 1721 co-

420 1755 628 1808 lumnam,
658 1766 752 1812 quae
778 1761 840 1798 est
865 1753 977 1797 inter
1003 1754 1109 1797 duos
1147 1753 1333 1810 portales
1378 1752 1554 1807 deforis,
1597 1752 1642 1796 in
1677 1752 1840 1810 pariete

422 1829 579 1874 residet
605 1829 810 1873 Dominus
833 1828 877 1872 in
904 1829 1002 1872 sede
1029 1827 1282 1882 maiestatis;
1307 1835 1347 1872 et
1371 1841 1500 1872 manu
1526 1828 1696 1872 dextera
1715 1828 1840 1872 bene-

424 1905 651 1950 dictionem
689 1904 845 1958 innuit,
875 1911 916 1948 et
956 1903 999 1947 in
1025 1902 1198 1948 sinistra
1224 1903 1383 1947 librum
1410 1910 1540 1948 tenet.
1586 1903 1637 1947 Et
1671 1903 1715 1946 in
1756 1903 1838 1947 cir-

422 1981 540 2026 cuitu
561 1981 705 2025 throni
728 1980 820 2024 eius
843 1985 942 2024 sunt
959 1985 1144 2037 quatuor
1171 1979 1453 2037 evangelistae,
1483 1979 1607 2037 quasi
1634 1979 1838 2023 thronum

423 2057 705 2109 sustinentes,
736 2063 776 2099 et
801 2055 852 2099 ad
881 2055 1097 2098 dexteram
1125 2054 1215 2098 eius
1243 2054 1467 2112 paradisus
1494 2061 1556 2098 est
1581 2054 1835 2111 insculptus,

423 2133 466 2176 in
494 2146 578 2190 quo
604 2133 694 2189 ipse
721 2130 926 2173 Dominus
954 2137 1015 2174 est
1042 2129 1084 2172 in
1105 2130 1186 2174 alia
1205 2129 1344 2187 effigie
1361 2130 1491 2174 Adam
1511 2136 1551 2173 et
1568 2129 1727 2173 Hevam
1743 2143 1838 2174 cor-

423 2208 585 2265 ripiens
611 2208 663 2250 de
689 2211 886 2263 peecat03
915 2211 954 2248 et
983 2205 1034 2248 ad
1062 2205 1207 2248 laevam
1235 2212 1297 2249 est
1324 2205 1520 2248 similiter
1546 2204 1590 2248 in
1618 2205 1699 2249 alia
1740 2219 1837 2263 per-

423 2298 527 2329 sona
566 2281 738 2339 ejiciens
780 2294 852 2325 eos
879 2295 902 2324 a
943 2280 1157 2338 paradiso.
1204 2280 1366 2324 ibidem
1409 2294 1508 2324 vero
1535 2281 1697 2325 circum
1725 2281 1838 2326 circa

423 2360 565 2404 multae
590 2357 799 2414 imagines
825 2362 1088 2410 sanctorum,
1116 2356 1366 2410 bestiarum,
1399 2355 1640 2408 hominum,
1663 2357 1839 2414 Angelo-

423 2449 537 2489 rum,
567 2433 842 2485 feminarum‚
861 2432 1018 2475 florum
1035 2438 1373 2488 caeterarumque
1401 2438 1697 2476 creaturarum
1724 2432 1839 2476 soul-

421 2518 599 2568 puntur,
629 2521 813 2566 quarum
840 2504 1067 2550 essentiam
1095 2514 1134 2550 et
1160 2506 1408 2564 qualitatem
1429 2520 1517 2563 prae
1543 2507 1837 2564 magnitudine

423 2600 499 2629 sua
539 2597 718 2628 narrare
752 2596 838 2626 non
879 2595 1122 2640 possumus.
1169 2581 1248 2625 Sed
1291 2588 1448 2634 tamen,
1479 2595 1610 2640 super
1649 2589 1832 2639 portam,

421 2676 515 2720 quae
541 2669 602 2706 est
628 2661 679 2704 ad
707 2659 922 2703 sinistram
951 2672 1049 2702 oum
1075 2658 1293 2702 basilicam
1323 2658 1549 2713 intramus,
1588 2658 1632 2701 in
1672 2659 1833 2704 ciborio

420 2737 595 2792 scilieet,
625 2737 758 2780 beatae
777 2734 920 2779 Mariae
937 2733 1123 2791 Virginis
1139 2732 1412 2778 Annuntiatio
1431 2733 1640 2791 sculpitur
1659 2747 1671 2788 3
1700 2734 1837 2792 loqui-
