1998 3340
1066 395 1274 436 ..38-

479 480 514 523 ei
558 487 758 525 exeuntes
801 483 1043 540 palmarum
1082 490 1122 526 et
1153 483 1359 527 olivarum
1392 490 1730 542 caeterarumque
1759 484 1888 528 arbo-

478 570 590 609 rum,
610 556 735 600 flores
762 563 801 600 et
828 558 996 601 frondes
1013 571 1090 615 per
1108 558 1235 610 viam,
1261 573 1344 616 qua
1364 559 1502 602 iturus
1522 566 1628 612 erat,
1650 566 1887 603 sternentes

477 644 525 672 ac
545 631 743 675 Hosanna
770 632 857 676 filio
885 633 1008 676 David
1039 634 1290 687 clamantes;
1320 635 1431 678 ultra
1452 648 1578 691 quam
1611 634 1692 678 dici
1720 635 1780 678 sas
1807 641 1884 688 est,

476 705 643 760 gavisus
671 707 795 764 caepit
835 707 1060 769 diligenter
1098 714 1196 751 ante
1237 722 1335 752 eum
1370 716 1560 752 sternere
1599 709 1743 753 flores.
1771 709 1888 753 Tunc

475 794 496 822 a
543 781 800 838 quibusdam
842 782 1004 835 didicit,
1049 784 1160 840 quod
1215 783 1304 841 ipse
1357 785 1581 837 Lazarum,
1635 784 1886 842 quatridua-

474 869 592 910 num,
633 871 656 899 a
696 857 878 901 mortuis
915 857 1206 912 suscitaverat,
1252 858 1471 917 magisque
1499 860 1662 902 laetatus
1697 866 1773 903 est.
1807 859 1886 903 Sed

472 931 571 988 quia
615 933 664 975 ad
693 932 864 989 plenum
907 932 1164 977 Salvatorem
1203 942 1302 978 tunc
1326 934 1466 978 videre
1492 948 1580 992 prae
1606 934 1739 978 nimia
1775 934 1886 977 mul-

474 1008 652 1051 titudine
700 1009 925 1052 turbarum
975 1009 1365 1053 circumfluentium
1407 1023 1493 1053 non
1534 1017 1715 1067 poterat,
1767 1010 1886 1053 valde

473 1083 595 1140 czepit
622 1083 878 1127 contristari.
910 1084 1010 1127 Erat
1037 1084 1148 1127 enim
1178 1086 1267 1142 ipse
1294 1099 1390 1129 cum
1411 1085 1493 1137 his,
1524 1086 1574 1128 de
1593 1085 1750 1142 quibus
1768 1085 1886 1128 testi-

472 1159 567 1201 ficat
593 1159 777 1201 Joannes
814 1159 857 1201 in
885 1159 1108 1215 Evangelio
1136 1174 1212 1203 suo
1239 1160 1408 1204 dicens:
1439 1161 1581 1204 Erant
1616 1166 1757 1203 autem
1784 1175 1887 1217 yen-

474 1234 567 1276 tiles
591 1234 769 1291 quidam
796 1249 844 1277 ea}
871 1235 939 1277 his
956 1236 1032 1293 qui
1056 1240 1256 1279 veneram
1274 1240 1322 1278 at
1347 1236 1573 1278 adorarent
1599 1236 1646 1278 in
1674 1236 1740 1278 die
1765 1236 1882 1292 festo.

472 1311 531 1354 Hi
548 1317 805 1354 accesserant
823 1312 879 1354 ad
897 1312 1172 1370 Philippum,
1192 1314 1268 1370 qui
1284 1319 1374 1357 erat
1399 1328 1422 1356 a
1451 1313 1684 1357 Bethsaida
1702 1314 1884 1367 civitate,

473 1392 510 1429 et
550 1387 752 1430 discernat
793 1388 861 1430 ei:
901 1388 1097 1441 Domine,
1147 1389 1337 1432 volumus
1380 1389 1526 1432 Jesum
1566 1389 1722 1432 videre.
1769 1387 1884 1439 Quod

474 1462 707 1520 Philippus,
737 1464 915 1507 Andreae
957 1465 1157 1516 sociatus,
1195 1463 1374 1507 Domino
1403 1464 1640 1517 nunciavit;
1671 1472 1712 1507 et
1744 1465 1885 1508 statim

470 1538 619 1581 beatus
646 1538 875 1595 Eutropius
904 1553 987 1582 una
1013 1553 1109 1582 cum
1138 1539 1224 1583 suis
1251 1539 1422 1582 asseclis
1443 1539 1564 1582 illum
1590 1539 1729 1596 palam
1765 1539 1881 1593 vidit,

471 1621 510 1656 et
536 1614 654 1656 valde
696 1614 876 1666 laetatus,
921 1614 963 1656 in
1006 1628 1104 1657 eum
1136 1615 1311 1658 credere
1338 1615 1501 1658 occulte
1527 1614 1664 1671 caepit.
1696 1615 1884 1658 Tandem

473 1688 529 1730 illi
557 1688 726 1745 penitus
754 1689 939 1732 sociatus
967 1689 1050 1742 est}
1081 1690 1153 1732 sed
1181 1689 1395 1732 sociorum
1423 1688 1694 1742 sententiam,
1724 1689 1882 1746 quibus

473 1771 592 1820 pater
617 1764 728 1807 ultra
754 1765 930 1808 modum
974 1771 1234 1822 praeceperat
1265 1771 1312 1807 ut
1355 1778 1453 1807 eum
1499 1763 1665 1807 fortiter
1704 1764 1885 1808 custodi-

472 1846 580 1891 rent,
612 1846 651 1882 et
678 1840 728 1882 ad
757 1853 801 1882 se
827 1841 1096 1892 reducerent,
1126 1839 1397 1884 formidabat.
1428 1840 1548 1882 Tunc
1574 1839 1718 1882 didicit
1744 1853 1767 1882 a
1794 1840 1886 1897 qui-

472 1914 667 1968 busdam,
698 1915 811 1972 quod
838 1914 973 1958 Judaei
1011 1915 1267 1958 Salvatorem
1294 1915 1338 1957 in
1374 1914 1566 1972 proximo
1604 1921 1743 1957 essent
1775 1914 1885 1958 occi-

472 1989 592 2041 suri,
633 1990 734 2033 tanti
772 1989 851 2032 viri
887 2003 1035 2033 necem
1080 1990 1220 2033 videre
1260 2003 1462 2043 renuens,
1504 1990 1571 2033 die
1606 1989 1790 2033 crastina
1831 1990 1883 2034 ab

471 2065 777 2123 Hierosolymis
804 2066 994 2109 recessit.
1025 2065 1172 2123 Itaque
1199 2066 1247 2108 ad
1287 2072 1451 2122 patrem
1488 2078 1612 2108 suum
1644 2078 1880 2121 regressuS,

471 2147 637 2193 cuncta,
666 2155 762 2198 quae
789 2140 832 2183 in
859 2140 1254 2198 Hierosolymitanis
1275 2139 1361 2183 oris
1388 2141 1439 2183 de
1465 2139 1678 2183 Salvatore
1704 2139 1880 2193 viderat,

471 2215 634 2259 cunctis
677 2215 719 2258 in
754 2215 895 2259 Patria
933 2230 1010 2259 sua
1051 2215 1202 2259 ordine
1251 2215 1476 2258 enarravit.
1521 2214 1637 2258 Tunc
1669 2214 1881 2273 Babylone

470 2291 692 2348 paululum
738 2297 1043 2342 commoratus,
1089 2290 1293 2335 Salvatori
1335 2289 1509 2333 omnino
1550 2290 1770 2333 adhaerere
1810 2304 1884 2333 cu-

470 2366 606 2424 piens,
653 2380 837 2424 eumque
893 2366 1033 2410 adhuc
1075 2366 1212 2409 vivere
1262 2364 1539 2422 corporaliter
1581 2371 1735 2421 putans
1785 2379 1882 2408 cum

470 2442 654 2499 quodam
682 2441 911 2498 scutigero,
941 2441 1156 2486 nesciente
1183 2449 1318 2499 patre,
1347 2446 1442 2498 post
1468 2440 1558 2484 dies
1600 2440 1884 2498 quadraginta

470 2517 660 2574 quinque
686 2516 1023 2574 Hierosolymam
1053 2518 1193 2560 denuo
1220 2515 1487 2573 regreditur:
1528 2516 1616 2558 Mox
1653 2523 1698 2558 ut
1737 2515 1881 2559 Domi-

469 2606 572 2636 num
600 2606 728 2648 quern
755 2592 917 2635 occulte
945 2592 1162 2648 diligebat,
1195 2605 1321 2634 cruce
1360 2604 1550 2647 passum,
1579 2598 1619 2633 et
1657 2605 1681 2633 a
1720 2590 1880 2634 Judaeis

469 2667 656 2710 occisum
702 2667 850 2718 fuisse,
893 2667 1067 2718 audivit,
1106 2667 1224 2710 valde
1251 2665 1400 2709 doluit.
1431 2665 1621 2723 Cumque
1648 2679 1671 2708 a
1698 2665 1879 2709 mortuis

467 2742 586 2786 illum
614 2743 867 2797 surrexisse,
907 2756 955 2786 ac
990 2741 1217 2799 Discipulis
1243 2740 1512 2799 apparuisse,
1541 2741 1753 2798 caelosque
1777 2754 1876 2785 cum
