<?xml version="1.0" encoding="UTF-8"?>
<!DOCTYPE html PUBLIC "-//W3C//DTD XHTML 1.0 Transitional//EN"
    "http://www.w3.org/TR/xhtml1/DTD/xhtml1-transitional.dtd">
<html xmlns="http://www.w3.org/1999/xhtml" xml:lang="en" lang="en">
 <head>
  <title>
</title>
<meta http-equiv="Content-Type" content="text/html;charset=utf-8" />
  <meta name='ocr-system' content='tesseract 3.04.00' />
  <meta name='ocr-capabilities' content='ocr_page ocr_carea ocr_par ocr_line ocrx_word'/>
</head>
<body>
  <div class='ocr_page' id='page_1' title='image "./lecodexdesaintja00fita_0034.png"; bbox 0 0 1998 3340; ppageno 0'>
   <div class='ocr_carea' id='block_1_1' title="bbox 1037 388 1244 429">
    <p class='ocr_par' dir='ltr' id='par_1_1' title="bbox 1037 388 1244 429">
     <span class='ocr_line' id='line_1_1' title="bbox 1037 388 1244 429; baseline 0 -9"><span class='ocrx_word' id='word_1_1' title='bbox 1037 388 1244 429; x_wconf 66' lang='grc' dir='ltr'>-ρο-</span> 
     </span>
    </p>
   </div>
   <div class='ocr_carea' id='block_1_2' title="bbox 431 474 1853 1363">
    <p class='ocr_par' dir='ltr' id='par_1_2' title="bbox 431 474 1853 1363">
     <span class='ocr_line' id='line_1_2' title="bbox 491 474 1848 532; baseline -0.001 -13"><span class='ocrx_word' id='word_1_2' title='bbox 491 475 593 519; x_wconf 90' lang='lat' dir='ltr'>Inde</span> <span class='ocrx_word' id='word_1_3' title='bbox 632 481 748 519; x_wconf 87' lang='lat' dir='ltr'>terra</span> <span class='ocrx_word' id='word_1_4' title='bbox 787 475 1158 527; x_wconf 86' lang='lat' dir='ltr'>Gallaecianorum,</span> <span class='ocrx_word' id='word_1_5' title='bbox 1202 475 1389 521; x_wconf 82' lang='lat' dir='ltr'>transitis</span> <span class='ocrx_word' id='word_1_6' title='bbox 1433 474 1520 520; x_wconf 90' lang='lat' dir='ltr'>oris</span> <span class='ocrx_word' id='word_1_7' title='bbox 1572 474 1766 532; x_wconf 83' lang='lat' dir='ltr'>Legionis</span> <span class='ocrx_word' id='word_1_8' title='bbox 1807 481 1848 519; x_wconf 91' lang='lat' dir='ltr'>et</span> 
     </span>
     <span class='ocr_line' id='line_1_3' title="bbox 435 551 1849 609; baseline 0.001 -14"><span class='ocrx_word' id='word_1_9' title='bbox 435 551 631 609; x_wconf 88' lang='lat' dir='ltr'>portibus</span> <span class='ocrx_word' id='word_1_10' title='bbox 657 551 814 596; x_wconf 90' lang='lat' dir='ltr'>montis</span> <span class='ocrx_word' id='word_1_11' title='bbox 841 551 948 596; x_wconf 87' lang='lat' dir='ltr'>Iraci</span> <span class='ocrx_word' id='word_1_12' title='bbox 981 558 1021 595; x_wconf 92' lang='lat' dir='ltr'>et</span> <span class='ocrx_word' id='word_1_13' title='bbox 1047 552 1204 596; x_wconf 90' lang='lat' dir='ltr'>montis</span> <span class='ocrx_word' id='word_1_14' title='bbox 1234 551 1458 596; x_wconf 81' lang='lat' dir='ltr'>Februarii</span> <span class='ocrx_word' id='word_1_15' title='bbox 1493 551 1721 595; x_wconf 90' lang='lat' dir='ltr'>invenitur.</span> <span class='ocrx_word' id='word_1_16' title='bbox 1750 551 1849 596; x_wconf 86' lang='lat' dir='ltr'>Haec</span> 
     </span>
     <span class='ocr_line' id='line_1_4' title="bbox 431 625 1849 684; baseline 0.001 -15"><span class='ocrx_word' id='word_1_17' title='bbox 431 633 494 670; x_wconf 91' lang='lat' dir='ltr'>est</span> <span class='ocrx_word' id='word_1_18' title='bbox 533 640 776 681; x_wconf 86' lang='lat' dir='ltr'>nemorosa,</span> <span class='ocrx_word' id='word_1_19' title='bbox 821 625 1157 684; x_wconf 84' lang='lat' dir='ltr'>fluminibusque</span> <span class='ocrx_word' id='word_1_20' title='bbox 1200 627 1331 684; x_wconf 86' lang='lat' dir='ltr'>pratis</span> <span class='ocrx_word' id='word_1_21' title='bbox 1374 633 1414 670; x_wconf 90' lang='lat' dir='ltr'>et</span> <span class='ocrx_word' id='word_1_22' title='bbox 1456 625 1644 669; x_wconf 86' lang='lat' dir='ltr'>malariis</span> <span class='ocrx_word' id='word_1_23' title='bbox 1677 625 1849 684; x_wconf 90' lang='lat' dir='ltr'>optimis</span> 
     </span>
     <span class='ocr_line' id='line_1_5' title="bbox 432 701 1850 761; baseline 0 -16"><span class='ocrx_word' id='word_1_24' title='bbox 432 702 728 761; x_wconf 76' lang='lat' dir='ltr'>fructibusque</span> <span class='ocrx_word' id='word_1_25' title='bbox 754 702 878 747; x_wconf 86' lang='lat' dir='ltr'>honis</span> <span class='ocrx_word' id='word_1_26' title='bbox 905 710 946 747; x_wconf 89' lang='lat' dir='ltr'>et</span> <span class='ocrx_word' id='word_1_27' title='bbox 972 702 1159 746; x_wconf 86' lang='lat' dir='ltr'>fontibus</span> <span class='ocrx_word' id='word_1_28' title='bbox 1186 702 1434 746; x_wconf 86' lang='lat' dir='ltr'>clarissimis</span> <span class='ocrx_word' id='word_1_29' title='bbox 1462 709 1574 759; x_wconf 87' lang='lat' dir='ltr'>apta,</span> <span class='ocrx_word' id='word_1_30' title='bbox 1604 701 1784 745; x_wconf 82' lang='lat' dir='ltr'>urbibus</span> <span class='ocrx_word' id='word_1_31' title='bbox 1810 708 1850 745; x_wconf 89' lang='lat' dir='ltr'>et</span> 
     </span>
     <span class='ocr_line' id='line_1_6' title="bbox 431 777 1849 836; baseline 0.001 -17"><span class='ocrx_word' id='word_1_32' title='bbox 431 777 538 822; x_wconf 90' lang='lat' dir='ltr'>villis</span> <span class='ocrx_word' id='word_1_33' title='bbox 565 786 605 822; x_wconf 86' lang='lat' dir='ltr'>et</span> <span class='ocrx_word' id='word_1_34' title='bbox 632 779 846 836; x_wconf 78' lang='lat' dir='ltr'>segetibus</span> <span class='ocrx_word' id='word_1_35' title='bbox 874 792 987 833; x_wconf 84' lang='lat' dir='ltr'>rara,</span> <span class='ocrx_word' id='word_1_36' title='bbox 1017 791 1126 836; x_wconf 91' lang='lat' dir='ltr'>pane</span> <span class='ocrx_word' id='word_1_37' title='bbox 1163 777 1328 822; x_wconf 90' lang='lat' dir='ltr'>triticeo</span> <span class='ocrx_word' id='word_1_38' title='bbox 1355 785 1396 821; x_wconf 88' lang='lat' dir='ltr'>et</span> <span class='ocrx_word' id='word_1_39' title='bbox 1421 777 1516 821; x_wconf 91' lang='lat' dir='ltr'>vino</span> <span class='ocrx_word' id='word_1_40' title='bbox 1544 777 1704 832; x_wconf 88' lang='lat' dir='ltr'>stricta,</span> <span class='ocrx_word' id='word_1_41' title='bbox 1740 790 1849 835; x_wconf 88' lang='lat' dir='ltr'>pane</span> 
     </span>
     <span class='ocr_line' id='line_1_7' title="bbox 433 851 1852 911; baseline -0.001 -14"><span class='ocrx_word' id='word_1_42' title='bbox 433 852 671 910; x_wconf 83' lang='lat' dir='ltr'>siliginensi</span> <span class='ocrx_word' id='word_1_43' title='bbox 700 860 740 898; x_wconf 92' lang='lat' dir='ltr'>et</span> <span class='ocrx_word' id='word_1_44' title='bbox 767 851 902 898; x_wconf 88' lang='lat' dir='ltr'>sicera</span> <span class='ocrx_word' id='word_1_45' title='bbox 927 854 1062 911; x_wconf 81' lang='lat' dir='ltr'>larga,</span> <span class='ocrx_word' id='word_1_46' title='bbox 1104 853 1332 911; x_wconf 88' lang='lat' dir='ltr'>pecoribus</span> <span class='ocrx_word' id='word_1_47' title='bbox 1365 860 1404 897; x_wconf 92' lang='lat' dir='ltr'>et</span> <span class='ocrx_word' id='word_1_48' title='bbox 1426 853 1649 911; x_wconf 88' lang='lat' dir='ltr'>jumentis,</span> <span class='ocrx_word' id='word_1_49' title='bbox 1678 853 1785 896; x_wconf 89' lang='lat' dir='ltr'>lacte</span> <span class='ocrx_word' id='word_1_50' title='bbox 1811 860 1852 896; x_wconf 90' lang='lat' dir='ltr'>et</span> 
     </span>
     <span class='ocr_line' id='line_1_8' title="bbox 431 926 1847 987; baseline 0 -16"><span class='ocrx_word' id='word_1_51' title='bbox 431 929 556 972; x_wconf 88' lang='lat' dir='ltr'>melle</span> <span class='ocrx_word' id='word_1_52' title='bbox 583 929 858 987; x_wconf 84' lang='lat' dir='ltr'>piscibusque</span> <span class='ocrx_word' id='word_1_53' title='bbox 884 928 1062 972; x_wconf 88' lang='lat' dir='ltr'>marinis</span> <span class='ocrx_word' id='word_1_54' title='bbox 1082 927 1404 972; x_wconf 84' lang='lat' dir='ltr'>immanissimis</span> <span class='ocrx_word' id='word_1_55' title='bbox 1423 935 1463 972; x_wconf 84' lang='lat' dir='ltr'>et</span> <span class='ocrx_word' id='word_1_56' title='bbox 1491 927 1639 985; x_wconf 84' lang='lat' dir='ltr'>paucis</span> <span class='ocrx_word' id='word_1_57' title='bbox 1662 926 1847 981; x_wconf 88' lang='lat' dir='ltr'>habilis;</span> 
     </span>
     <span class='ocr_line' id='line_1_9' title="bbox 432 1003 1852 1062; baseline -0.001 -14"><span class='ocrx_word' id='word_1_58' title='bbox 432 1018 624 1062; x_wconf 84' lang='lat' dir='ltr'>auroque</span> <span class='ocrx_word' id='word_1_59' title='bbox 652 1011 693 1048; x_wconf 90' lang='lat' dir='ltr'>et</span> <span class='ocrx_word' id='word_1_60' title='bbox 719 1012 896 1062; x_wconf 82' lang='lat' dir='ltr'>argento</span> <span class='ocrx_word' id='word_1_61' title='bbox 923 1011 963 1048; x_wconf 86' lang='lat' dir='ltr'>et</span> <span class='ocrx_word' id='word_1_62' title='bbox 989 1003 1120 1062; x_wconf 91' lang='lat' dir='ltr'>paleis</span> <span class='ocrx_word' id='word_1_63' title='bbox 1138 1003 1406 1061; x_wconf 86' lang='lat' dir='ltr'>pellibusque</span> <span class='ocrx_word' id='word_1_64' title='bbox 1429 1003 1705 1062; x_wconf 74' lang='lat' dir='ltr'>sylvestribus</span> <span class='ocrx_word' id='word_1_65' title='bbox 1725 1009 1852 1047; x_wconf 86' lang='lat' dir='ltr'>caete-</span> 
     </span>
     <span class='ocr_line' id='line_1_10' title="bbox 431 1078 1852 1138; baseline -0.001 -16"><span class='ocrx_word' id='word_1_66' title='bbox 431 1079 576 1137; x_wconf 83' lang='lat' dir='ltr'>risque</span> <span class='ocrx_word' id='word_1_67' title='bbox 605 1080 758 1138; x_wconf 90' lang='lat' dir='ltr'>opibus</span> <span class='ocrx_word' id='word_1_68' title='bbox 786 1080 897 1134; x_wconf 81' lang='lat' dir='ltr'>felix,</span> <span class='ocrx_word' id='word_1_69' title='bbox 928 1080 1015 1123; x_wconf 92' lang='lat' dir='ltr'>imo</span> <span class='ocrx_word' id='word_1_70' title='bbox 1042 1078 1156 1136; x_wconf 82' lang='lat' dir='ltr'>gazis</span> <span class='ocrx_word' id='word_1_71' title='bbox 1183 1079 1470 1123; x_wconf 83' lang='lat' dir='ltr'>Sarracenicis</span> <span class='ocrx_word' id='word_1_72' title='bbox 1497 1079 1686 1136; x_wconf 87' lang='lat' dir='ltr'>copiosa.</span> <span class='ocrx_word' id='word_1_73' title='bbox 1716 1078 1852 1122; x_wconf 88' lang='lat' dir='ltr'>Galle-</span> 
     </span>
     <span class='ocr_line' id='line_1_11' title="bbox 433 1153 1853 1213; baseline -0.001 -14"><span class='ocrx_word' id='word_1_74' title='bbox 433 1155 543 1199; x_wconf 83' lang='lat' dir='ltr'>ciani</span> <span class='ocrx_word' id='word_1_75' title='bbox 588 1170 688 1199; x_wconf 89' lang='lat' dir='ltr'>vero</span> <span class='ocrx_word' id='word_1_76' title='bbox 722 1155 835 1213; x_wconf 79' lang='lat' dir='ltr'>genti</span> <span class='ocrx_word' id='word_1_77' title='bbox 862 1163 1019 1199; x_wconf 61' lang='lat' dir='ltr'>nostra&gt;=</span> <span class='ocrx_word' id='word_1_78' title='bbox 1058 1153 1227 1198; x_wconf 80' lang='lat' dir='ltr'>Gallicae</span> <span class='ocrx_word' id='word_1_79' title='bbox 1263 1154 1414 1212; x_wconf 78' lang='lat' dir='ltr'>magis,</span> <span class='ocrx_word' id='word_1_80' title='bbox 1445 1168 1533 1212; x_wconf 85' lang='lat' dir='ltr'>prae</span> <span class='ocrx_word' id='word_1_81' title='bbox 1572 1155 1723 1198; x_wconf 87' lang='lat' dir='ltr'>ceteris</span> <span class='ocrx_word' id='word_1_82' title='bbox 1751 1168 1853 1211; x_wconf 81' lang='lat' dir='ltr'>gen-</span> 
     </span>
     <span class='ocr_line' id='line_1_12' title="bbox 432 1228 1850 1288; baseline 0.001 -16"><span class='ocrx_word' id='word_1_83' title='bbox 432 1230 545 1274; x_wconf 90' lang='lat' dir='ltr'>tibus</span> <span class='ocrx_word' id='word_1_84' title='bbox 582 1231 823 1288; x_wconf 87' lang='lat' dir='ltr'>Hispanicis</span> <span class='ocrx_word' id='word_1_85' title='bbox 850 1229 1019 1274; x_wconf 88' lang='lat' dir='ltr'>incultis</span> <span class='ocrx_word' id='word_1_86' title='bbox 1053 1228 1261 1283; x_wconf 88' lang='lat' dir='ltr'>moribus,</span> <span class='ocrx_word' id='word_1_87' title='bbox 1292 1242 1481 1286; x_wconf 85' lang='lat' dir='ltr'>congrue</span> <span class='ocrx_word' id='word_1_88' title='bbox 1516 1231 1850 1283; x_wconf 84' lang='lat' dir='ltr'>concordantur,</span> 
     </span>
     <span class='ocr_line' id='line_1_13' title="bbox 433 1295 1406 1363; baseline -0.002 -14"><span class='ocrx_word' id='word_1_89' title='bbox 433 1306 505 1349; x_wconf 89' lang='lat' dir='ltr'>sed</span> <span class='ocrx_word' id='word_1_90' title='bbox 535 1306 729 1351; x_wconf 86' lang='lat' dir='ltr'>iracundi</span> <span class='ocrx_word' id='word_1_91' title='bbox 763 1295 804 1350; x_wconf 85' lang='lat' dir='ltr'>et</span> <span class='ocrx_word' id='word_1_92' title='bbox 829 1305 1001 1363; x_wconf 82' lang='lat' dir='ltr'>litigiosi</span> <span class='ocrx_word' id='word_1_93' title='bbox 1027 1305 1146 1349; x_wconf 87' lang='lat' dir='ltr'>valde</span> <span class='ocrx_word' id='word_1_94' title='bbox 1177 1304 1406 1349; x_wconf 86' lang='lat' dir='ltr'>habentur.</span> 
     </span>
    </p>
   </div>
   <div class='ocr_carea' id='block_1_3' title="bbox 436 1600 1859 1795">
    <p class='ocr_par' dir='ltr' id='par_1_3' title="bbox 436 1600 1859 1795">
     <span class='ocr_line' id='line_1_14' title="bbox 436 1600 1858 1658; baseline 0 -14"><span class='ocrx_word' id='word_1_95' title='bbox 436 1600 534 1644; x_wconf 80' lang='lat' dir='ltr'>CAP.</span> <span class='ocrx_word' id='word_1_96' title='bbox 575 1600 682 1643; x_wconf 88' lang='lat' dir='ltr'>Vlll.</span> <span class='ocrx_word' id='word_1_97' title='bbox 713 1626 771 1632; x_wconf 96' lang='lat'>—</span> <span class='ocrx_word' id='word_1_98' title='bbox 812 1600 871 1642; x_wconf 80' lang='lat' dir='ltr'>Dc</span> <span class='ocrx_word' id='word_1_99' title='bbox 907 1600 1147 1657; x_wconf 72' lang='lat' dir='ltr'>corporibus</span> <span class='ocrx_word' id='word_1_100' title='bbox 1181 1606 1440 1654; x_wconf 75' lang='lat' dir='ltr'>sanctorum,</span> <span class='ocrx_word' id='word_1_101' title='bbox 1484 1614 1575 1658; x_wconf 82' lang='lat' dir='ltr'>quae</span> <span class='ocrx_word' id='word_1_102' title='bbox 1616 1601 1664 1644; x_wconf 75' lang='lat' dir='ltr'>in</span> <span class='ocrx_word' id='word_1_103' title='bbox 1706 1602 1858 1645; x_wconf 76' lang='lat' dir='ltr'>itinere</span> 
     </span>
     <span class='ocr_line' id='line_1_15' title="bbox 495 1675 1859 1734; baseline 0.001 -16"><span class='ocrx_word' id='word_1_104' title='bbox 495 1677 633 1719; x_wconf 63' lang='lat' dir='ltr'>sancti</span> <span class='ocrx_word' id='word_1_105' title='bbox 681 1675 826 1718; x_wconf 49' lang='lat' dir='ltr'>Jacob&amp;</span> <span class='ocrx_word' id='word_1_106' title='bbox 874 1676 1154 1733; x_wconf 68' lang='lat' dir='ltr'>requiescunt,</span> <span class='ocrx_word' id='word_1_107' title='bbox 1206 1690 1299 1734; x_wconf 82' lang='lat' dir='ltr'>quoe</span> <span class='ocrx_word' id='word_1_108' title='bbox 1354 1677 1592 1734; x_wconf 69' lang='lat' dir='ltr'>pereyrinis</span> <span class='ocrx_word' id='word_1_109' title='bbox 1634 1677 1721 1734; x_wconf 77' lang='lat' dir='ltr'>ejus</span> <span class='ocrx_word' id='word_1_110' title='bbox 1759 1682 1859 1720; x_wconf 79' lang='lat' dir='ltr'>sunt</span> 
     </span>
     <span class='ocr_line' id='line_1_16' title="bbox 497 1751 733 1795; baseline 0 -1"><span class='ocrx_word' id='word_1_111' title='bbox 497 1751 733 1795; x_wconf 74' lang='lat' dir='ltr'>visitanda.</span> 
     </span>
    </p>
   </div>
   <div class='ocr_carea' id='block_1_4' title="bbox 436 1908 1860 2796">
    <p class='ocr_par' dir='ltr' id='par_1_4' title="bbox 436 1908 1860 2570">
     <span class='ocr_line' id='line_1_17' title="bbox 499 1908 1858 1966; baseline 0.001 -14"><span class='ocrx_word' id='word_1_112' title='bbox 499 1908 700 1952; x_wconf 85' lang='lat' dir='ltr'>Primitus</span> <span class='ocrx_word' id='word_1_113' title='bbox 742 1922 927 1966; x_wconf 89' lang='lat' dir='ltr'>namque</span> <span class='ocrx_word' id='word_1_114' title='bbox 968 1908 1050 1962; x_wconf 90' lang='lat' dir='ltr'>his,</span> <span class='ocrx_word' id='word_1_115' title='bbox 1094 1908 1167 1966; x_wconf 93' lang='lat' dir='ltr'>qui</span> <span class='ocrx_word' id='word_1_116' title='bbox 1213 1923 1290 1966; x_wconf 93' lang='lat' dir='ltr'>per</span> <span class='ocrx_word' id='word_1_117' title='bbox 1342 1908 1450 1952; x_wconf 90' lang='lat' dir='ltr'>viam</span> <span class='ocrx_word' id='word_1_118' title='bbox 1489 1908 1752 1966; x_wconf 82' lang='lat' dir='ltr'>AEgidianam</span> <span class='ocrx_word' id='word_1_119' title='bbox 1806 1911 1858 1954; x_wconf 87' lang='lat' dir='ltr'>ad</span> 
     </span>
     <span class='ocr_line' id='line_1_18' title="bbox 439 1983 1859 2042; baseline 0.001 -14"><span class='ocrx_word' id='word_1_120' title='bbox 439 1991 635 2028; x_wconf 85' lang='lat' dir='ltr'>sanctum</span> <span class='ocrx_word' id='word_1_121' title='bbox 676 1984 884 2028; x_wconf 84' lang='lat' dir='ltr'>Jacobum</span> <span class='ocrx_word' id='word_1_122' title='bbox 935 1985 1130 2037; x_wconf 85' lang='lat' dir='ltr'>tendunt,</span> <span class='ocrx_word' id='word_1_123' title='bbox 1175 1983 1288 2028; x_wconf 87' lang='lat' dir='ltr'>beati</span> <span class='ocrx_word' id='word_1_124' title='bbox 1334 1984 1555 2042; x_wconf 87' lang='lat' dir='ltr'>Trophimi</span> <span class='ocrx_word' id='word_1_125' title='bbox 1604 1985 1859 2030; x_wconf 88' lang='lat' dir='ltr'>confessoris</span> 
     </span>
     <span class='ocr_line' id='line_1_19' title="bbox 440 2060 1860 2117; baseline 0.001 -15"><span class='ocrx_word' id='word_1_126' title='bbox 440 2073 598 2117; x_wconf 88' lang='lat' dir='ltr'>corpus</span> <span class='ocrx_word' id='word_1_127' title='bbox 643 2061 754 2117; x_wconf 86' lang='lat' dir='ltr'>apud</span> <span class='ocrx_word' id='word_1_128' title='bbox 798 2060 1007 2103; x_wconf 85' lang='lat' dir='ltr'>Arelatem</span> <span class='ocrx_word' id='word_1_129' title='bbox 1054 2060 1310 2103; x_wconf 82' lang='lat' dir='ltr'>visitandum</span> <span class='ocrx_word' id='word_1_130' title='bbox 1353 2067 1439 2113; x_wconf 81' lang='lat' dir='ltr'>est3</span> <span class='ocrx_word' id='word_1_131' title='bbox 1492 2060 1613 2116; x_wconf 85' lang='lat' dir='ltr'>cujus</span> <span class='ocrx_word' id='word_1_132' title='bbox 1665 2061 1860 2105; x_wconf 89' lang='lat' dir='ltr'>meminit</span> 
     </span>
     <span class='ocr_line' id='line_1_20' title="bbox 440 2135 1858 2193; baseline 0.001 -14"><span class='ocrx_word' id='word_1_133' title='bbox 440 2136 587 2179; x_wconf 86' lang='lat' dir='ltr'>beatus</span> <span class='ocrx_word' id='word_1_134' title='bbox 630 2135 786 2178; x_wconf 86' lang='lat' dir='ltr'>Paulus</span> <span class='ocrx_word' id='word_1_135' title='bbox 829 2135 1018 2178; x_wconf 85' lang='lat' dir='ltr'>scribens</span> <span class='ocrx_word' id='word_1_136' title='bbox 1067 2136 1116 2178; x_wconf 87' lang='lat' dir='ltr'>ad</span> <span class='ocrx_word' id='word_1_137' title='bbox 1169 2135 1453 2188; x_wconf 88' lang='lat' dir='ltr'>Timotheum,</span> <span class='ocrx_word' id='word_1_138' title='bbox 1499 2136 1570 2193; x_wconf 91' lang='lat' dir='ltr'>qui</span> <span class='ocrx_word' id='word_1_139' title='bbox 1614 2136 1665 2178; x_wconf 89' lang='lat' dir='ltr'>ab</span> <span class='ocrx_word' id='word_1_140' title='bbox 1708 2137 1858 2180; x_wconf 89' lang='lat' dir='ltr'>eodem</span> 
     </span>
     <span class='ocr_line' id='line_1_21' title="bbox 440 2210 1858 2268; baseline 0.001 -14"><span class='ocrx_word' id='word_1_141' title='bbox 440 2211 639 2268; x_wconf 84' lang='lat' dir='ltr'>Apostolo</span> <span class='ocrx_word' id='word_1_142' title='bbox 692 2210 867 2254; x_wconf 88' lang='lat' dir='ltr'>antistes</span> <span class='ocrx_word' id='word_1_143' title='bbox 925 2210 1395 2267; x_wconf 68' lang='lat' dir='ltr'>ordinatus‘praefatae</span> <span class='ocrx_word' id='word_1_144' title='bbox 1441 2210 1536 2254; x_wconf 92' lang='lat' dir='ltr'>urbi</span> <span class='ocrx_word' id='word_1_145' title='bbox 1579 2211 1744 2268; x_wconf 86' lang='lat' dir='ltr'>primus</span> <span class='ocrx_word' id='word_1_146' title='bbox 1806 2212 1858 2255; x_wconf 88' lang='lat' dir='ltr'>ob</span> 
     </span>
     <span class='ocr_line' id='line_1_22' title="bbox 441 2286 1860 2342; baseline 0 -12"><span class='ocrx_word' id='word_1_147' title='bbox 441 2286 593 2330; x_wconf 85' lang='lat' dir='ltr'>Christi</span> <span class='ocrx_word' id='word_1_148' title='bbox 634 2286 900 2342; x_wconf 80' lang='lat' dir='ltr'>evangelium</span> <span class='ocrx_word' id='word_1_149' title='bbox 942 2286 1262 2342; x_wconf 60' lang='lat' dir='ltr'>praedicandum</span> <span class='ocrx_word' id='word_1_150' title='bbox 1305 2286 1490 2330; x_wconf 88' lang='lat' dir='ltr'>directus</span> <span class='ocrx_word' id='word_1_151' title='bbox 1532 2293 1608 2330; x_wconf 85' lang='lat' dir='ltr'>est.</span> <span class='ocrx_word' id='word_1_152' title='bbox 1646 2286 1702 2329; x_wconf 88' lang='lat' dir='ltr'>Ex</span> <span class='ocrx_word' id='word_1_153' title='bbox 1738 2286 1860 2330; x_wconf 91' lang='lat' dir='ltr'>cuius</span> 
     </span>
     <span class='ocr_line' id='line_1_23' title="bbox 442 2361 1854 2419; baseline -0.001 -14"><span class='ocrx_word' id='word_1_154' title='bbox 442 2362 557 2405; x_wconf 85' lang='lat' dir='ltr'>fonte</span> <span class='ocrx_word' id='word_1_155' title='bbox 585 2361 863 2415; x_wconf 85' lang='lat' dir='ltr'>lucidissimo,</span> <span class='ocrx_word' id='word_1_156' title='bbox 895 2369 940 2405; x_wconf 95' lang='lat' dir='ltr'>ut</span> <span class='ocrx_word' id='word_1_157' title='bbox 983 2362 1095 2419; x_wconf 74' lang='lat' dir='ltr'>Papa</span> <span class='ocrx_word' id='word_1_158' title='bbox 1137 2361 1328 2405; x_wconf 89' lang='lat' dir='ltr'>Zosimus</span> <span class='ocrx_word' id='word_1_159' title='bbox 1374 2361 1535 2415; x_wconf 87' lang='lat' dir='ltr'>scribit,</span> <span class='ocrx_word' id='word_1_160' title='bbox 1582 2368 1668 2405; x_wconf 84' lang='lat' dir='ltr'>tota</span> <span class='ocrx_word' id='word_1_161' title='bbox 1706 2361 1854 2415; x_wconf 89' lang='lat' dir='ltr'>Gallia,</span> 
     </span>
     <span class='ocr_line' id='line_1_24' title="bbox 441 2437 1858 2494; baseline 0.001 -14"><span class='ocrx_word' id='word_1_162' title='bbox 441 2437 538 2480; x_wconf 87' lang='lat' dir='ltr'>fidei</span> <span class='ocrx_word' id='word_1_163' title='bbox 580 2437 735 2480; x_wconf 86' lang='lat' dir='ltr'>rivulos</span> <span class='ocrx_word' id='word_1_164' title='bbox 777 2437 954 2494; x_wconf 85' lang='lat' dir='ltr'>accepit.</span> <span class='ocrx_word' id='word_1_165' title='bbox 1002 2437 1129 2482; x_wconf 89' lang='lat' dir='ltr'>Cuius</span> <span class='ocrx_word' id='word_1_166' title='bbox 1172 2437 1418 2480; x_wconf 87' lang='lat' dir='ltr'>solemnitas</span> <span class='ocrx_word' id='word_1_167' title='bbox 1462 2444 1614 2494; x_wconf 86' lang='lat' dir='ltr'>quarto</span> <span class='ocrx_word' id='word_1_168' title='bbox 1656 2437 1858 2482; x_wconf 88' lang='lat' dir='ltr'>kalendas</span> 
     </span>
     <span class='ocr_line' id='line_1_25' title="bbox 436 2512 914 2570; baseline -0.002 -14"><span class='ocrx_word' id='word_1_169' title='bbox 436 2512 625 2570; x_wconf 79' lang='lat' dir='ltr'>januarii</span> <span class='ocrx_word' id='word_1_170' title='bbox 657 2512 914 2556; x_wconf 85' lang='lat' dir='ltr'>celebratur.</span> 
     </span>
    </p>

    <p class='ocr_par' dir='ltr' id='par_1_5' title="bbox 443 2587 1859 2796">
     <span class='ocr_line' id='line_1_26' title="bbox 502 2587 1859 2645; baseline 0 -14"><span class='ocrx_word' id='word_1_171' title='bbox 502 2590 606 2632; x_wconf 85' lang='lat' dir='ltr'>Item</span> <span class='ocrx_word' id='word_1_172' title='bbox 642 2587 898 2631; x_wconf 88' lang='lat' dir='ltr'>visitandum</span> <span class='ocrx_word' id='word_1_173' title='bbox 943 2594 1005 2630; x_wconf 91' lang='lat' dir='ltr'>est</span> <span class='ocrx_word' id='word_1_174' title='bbox 1044 2601 1200 2645; x_wconf 86' lang='lat' dir='ltr'>corpus</span> <span class='ocrx_word' id='word_1_175' title='bbox 1243 2587 1352 2630; x_wconf 90' lang='lat' dir='ltr'>beati</span> <span class='ocrx_word' id='word_1_176' title='bbox 1395 2587 1563 2630; x_wconf 82' lang='lat' dir='ltr'>Caesarii</span> <span class='ocrx_word' id='word_1_177' title='bbox 1602 2587 1787 2645; x_wconf 90' lang='lat' dir='ltr'>episcopi</span> <span class='ocrx_word' id='word_1_178' title='bbox 1819 2594 1859 2631; x_wconf 90' lang='lat' dir='ltr'>et</span> 
     </span>
     <span class='ocr_line' id='line_1_27' title="bbox 443 2662 1859 2722; baseline -0.001 -15"><span class='ocrx_word' id='word_1_179' title='bbox 443 2663 657 2722; x_wconf 83' lang='lat' dir='ltr'>martyris,</span> <span class='ocrx_word' id='word_1_180' title='bbox 688 2663 760 2720; x_wconf 88' lang='lat' dir='ltr'>qui</span> <span class='ocrx_word' id='word_1_181' title='bbox 802 2663 845 2705; x_wconf 89' lang='lat' dir='ltr'>in</span> <span class='ocrx_word' id='word_1_182' title='bbox 880 2663 1027 2706; x_wconf 84' lang='lat' dir='ltr'>eadem</span> <span class='ocrx_word' id='word_1_183' title='bbox 1062 2663 1169 2706; x_wconf 91' lang='lat' dir='ltr'>urbe</span> <span class='ocrx_word' id='word_1_184' title='bbox 1213 2662 1403 2719; x_wconf 81' lang='lat' dir='ltr'>regulam</span> <span class='ocrx_word' id='word_1_185' title='bbox 1444 2662 1743 2706; x_wconf 84' lang='lat' dir='ltr'>lllonacharum</span> <span class='ocrx_word' id='word_1_186' title='bbox 1772 2664 1859 2706; x_wconf 92' lang='lat' dir='ltr'>ins-</span> 
     </span>
     <span class='ocr_line' id='line_1_28' title="bbox 445 2733 1644 2796; baseline -0.001 -14"><span class='ocrx_word' id='word_1_187' title='bbox 445 2739 580 2791; x_wconf 83' lang='lat' dir='ltr'>tituit;</span> <span class='ocrx_word' id='word_1_188' title='bbox 610 2739 733 2796; x_wconf 89' lang='lat' dir='ltr'>cujus</span> <span class='ocrx_word' id='word_1_189' title='bbox 760 2738 960 2782; x_wconf 88' lang='lat' dir='ltr'>festivitas</span> <span class='ocrx_word' id='word_1_190' title='bbox 987 2738 1141 2781; x_wconf 88' lang='lat' dir='ltr'>colitur</span> <span class='ocrx_word' id='word_1_191' title='bbox 1165 2733 1357 2781; x_wconf 48' lang='lat' dir='ltr'>‘kalendis</span> <span class='ocrx_word' id='word_1_192' title='bbox 1385 2737 1644 2781; x_wconf 90' lang='lat' dir='ltr'>novembris.</span> 
     </span>
    </p>
   </div>
  </div>
 </body>
</html>
