1998 3340
756 318 937 356 -9-

141 404 279 448 ferum
313 410 389 447 est.
435 403 569 460 Super
608 402 729 447 cuius
771 402 906 460 ripam
949 416 1042 456 nos,
1086 404 1137 446 ad
1181 410 1374 447 sanctum
1414 405 1535 449 Jaco-

145 480 243 522 bum
300 484 539 535 pergentes,
599 476 840 521 invenimus
903 477 1010 521 duos
1064 477 1273 522 Navarros
1327 479 1537 532 sedentes,

143 560 305 596 artavos
361 566 459 596 suos
503 559 716 605 acuentes,
775 551 918 596 solitos
960 552 1174 596 excoriare
1214 552 1541 610 peregrinorum

136 627 345 683 jumenta,
383 641 478 684 quae
510 627 724 684 lympham
763 625 878 670 illam
912 626 1114 670 bibebant
1152 634 1193 670 et
1234 627 1542 671 moriebantur.

142 700 219 752 Qui
247 701 368 745 nobis
396 701 756 758 interrogantibus
783 701 1032 745 mentientes
1059 701 1293 745 dixerunt«
1315 702 1415 759 quia
1442 716 1546 746 sana

143 784 232 821 erat
259 777 309 820 ad
335 777 566 834 potandum
591 792 608 817 >2
634 791 644 830 ;
673 783 934 834 quapropter
961 776 1082 833 equis
1109 776 1265 820 nostris
1293 777 1408 820 illam
1435 777 1548 821 dedi-

144 865 239 895 mus
279 853 327 895 ad
368 851 615 904 bibendum,
655 859 694 894 et
721 851 861 895 statim
897 852 980 895 duo
1015 865 1061 894 ex
1099 851 1163 895 his
1197 851 1414 903 obierunt,
1447 866 1553 909 quos

145 927 256 970 illico
308 926 387 984 ipsi
437 925 769 970 excoriaverunt.
822 927 882 970 Ad
931 927 1101 970 Stellam
1151 927 1339 970 decurrit
1395 927 1554 971 flumen

147 1001 275 1058 Aiega
311 999 405 1058 (1):
437 999 527 1058 ipsa
564 1007 625 1044 est
659 1001 828 1059 lympha
863 1000 1012 1054 dulcis,
1055 1014 1157 1045 sana
1195 1008 1234 1045 et
1259 1001 1433 1058 optima.
1474 1002 1553 1046 Per

149 1075 292 1118 villam·
327 1088 422 1131 quae
465 1074 619 1118 dicitur
665 1076 814 1128 Arcus,
857 1075 1045 1119 decurrit
1085 1089 1195 1133 aqua
1243 1075 1466 1129 lethifera;
1511 1083 1552 1120 et

150 1151 261 1194 ultra
287 1151 441 1194 Arcum
468 1150 519 1193 ad
546 1150 732 1207 primum
759 1150 983 1207 hospitale,
1004 1150 1114 1194 intra
1140 1154 1295 1194 Arcum
1324 1151 1482 1195 scilicet
1508 1159 1548 1195 et

149 1224 355 1282 hospitale
383 1224 511 1276 idem,
541 1224 729 1268 decurrit
763 1239 873 1282 aqua
900 1225 1094 1269 lethifera
1114 1225 1318 1282 jumentis
1353 1233 1393 1270 et
1419 1227 1556 1270 homi-

148 1299 280 1343 nibus*
312 1298 555 1342 bibentibus
595 1312 702 1342 eam.
738 1300 796 1342 Ad
825 1300 981 1352 villam,
1005 1314 1101 1357 quaa¹
1122 1300 1276 1344 dicitur
1301 1301 1456 1345 Turres
1477 1301 1553 1359 (2),

149 1375 262 1418 intra
294 1374 453 1418 scilicet
477 1373 762 1417 Navarrorum
795 1374 982 1417 decurrit
1021 1374 1184 1417 flumen
1219 1375 1458 1419 lethiferum
1487 1376 1558 1433 ju-

149 1449 302 1492 mentis
321 1455 362 1492 et
392 1448 639 1493 hominibus
672 1448 916 1492 bibentibus
954 1449 1072 1492 illud.
1095 1449 1195 1492 Inde
1213 1451 1263 1492 ad
1293 1450 1430 1493 villam
1463 1465 1559 1508 quae

150 1523 305 1568 dicitur
322 1524 449 1567 Covas
472 1522 554 1581 (3),
577 1523 738 1566 ssumen
765 1523 913 1567 defluit
941 1523 1209 1567 mortiferum
1230 1539 1240 1577 ;
1270 1525 1320 1568 ad
1338 1524 1559 1582 Grugnum

151 1598 339 1642 decurrit
365 1612 475 1656 aqua
501 1598 666 1654 ingens,
688 1598 859 1641 nomine
887 1598 1017 1651 Ebra,
1039 1613 1134 1656 quae
1154 1606 1214 1642 est
1243 1613 1344 1642 sana
1371 1606 1412 1643 et
1438 1599 1561 1656 pisci-

152 1674 230 1717 bus
247 1673 447 1717 abundat.
469 1672 623 1717 Omnes
649 1673 780 1727 fluvii,
803 1673 874 1730 qui
897 1687 920 1716 a
946 1673 1072 1717 Stella
1097 1688 1232 1731 usque
1259 1676 1307 1718 ad
1337 1674 1559 1732 Grugnum

150 1749 377 1800 habentur,
397 1748 579 1791 lethiferi
605 1749 656 1791 ad
682 1748 916 1792 bibendum
943 1749 1189 1793 hominibus
1218 1757 1258 1793 ct
1278 1750 1499 1808 jumentis,
1522 1757 1561 1794 et

152 1823 287 1880 pisces
324 1836 472 1866 eorum
516 1824 566 1866 ad
606 1824 912 1867 comedendum
956 1824 1262 1881 approbantur.
1301 1824 1340 1868 Si
1384 1824 1558 1882 piscem,

152 1898 225 1955 qui
250 1898 373 1954 vulgo
406 1897 560 1941 dicitur
598 1898 774 1950 barbus,
805 1898 891 1942 sive
918 1899 1037 1942 illum
1067 1913 1195 1956 quem
1233 1899 1386 1943 Pictavi
1414 1907 1561 1944 vocant

152 1973 328 2026 alo-sam,
374 1979 414 2015 et
454 1973 545 2015 Itali
572 1973 758 2030 clypiam
794 1973 878 2016 sive
916 1974 1164 2030 anguillam,
1207 1975 1291 2018 sive
1318 1980 1479 2018 teneam
1516 1975 1560 2018 in

154 2047 357 2104 Hispania
383 2054 425 2091 et
449 2047 658 2100 Gallaecia,
688 2061 900 2104 nusquam
936 2050 1185 2103 comederis,
1216 2049 1306 2093 sine
1333 2050 1461 2093 dubio
1490 2058 1563 2094 aut

155 2123 346 2180 proxime
381 2122 592 2174 morieris,
637 2130 709 2165 aut
752 2123 1052 2179 aegrotaveris;
1097 2131 1136 2167 et
1177 2125 1211 2168 si
1255 2125 1407 2182 aliquis
1453 2126 1559 2169 forte

155 2198 337 2241 comedit
372 2204 413 2241 et
451 2210 538 2240 non
580 2197 811 2252 aegrotavit,
857 2198 1013 2242 idcirco
1052 2200 1151 2256 quia
1187 2206 1256 2243 aut
1292 2199 1383 2244 aliis
1420 2200 1564 2244 sanior

155 2273 233 2316 fuit
259 2279 331 2315 aut
355 2272 400 2314 in
427 2271 496 2314 illa
523 2271 659 2328 patria
686 2271 758 2315 diu
802 2273 1048 2329 permansit.
1078 2274 1231 2318 Omnes
1266 2275 1396 2332 igitur
1424 2276 1560 2332 pisces

157 2354 198 2391 et
239 2360 389 2391 carnes
424 2346 604 2391 vaccinae
638 2355 678 2390 et
705 2347 840 2391 suillae
880 2348 1008 2392 totius
1036 2349 1249 2406 Hispaniae
1284 2358 1324 2394 et
1359 2350 1563 2394 Gallaeciae

158 2421 351 2466 barbaris
378 2421 648 2479 aegritudines
675 2428 890 2479 praestant.

206 2541 255 2586 (1)
281 2541 366 2586 Ega-

205 2598 254 2644 (2)
282 2599 426 2634 Torres.
1212 2625 1213 2628 ,

206 2657 254 2700 (3)
281 2657 332 2692 Le
350 2657 513 2702 Lina-es,
534 2657 615 2703 puis
636 2658 792 2694 Nvmwa
812 2659 878 2693 Se?
885 2669 949 2694 ora
969 2659 1012 2694 de
1032 2659 1182 2705 Cuevas,
1205 2661 1287 2706 pres
1307 2660 1433 2694 Viana.
