<?xml version="1.0" encoding="UTF-8"?>
<!DOCTYPE html PUBLIC "-//W3C//DTD XHTML 1.0 Transitional//EN"
    "http://www.w3.org/TR/xhtml1/DTD/xhtml1-transitional.dtd">
<html xmlns="http://www.w3.org/1999/xhtml" xml:lang="en" lang="en">
 <head>
  <title>
</title>
<meta http-equiv="Content-Type" content="text/html;charset=utf-8" />
  <meta name='ocr-system' content='tesseract 3.04.00' />
  <meta name='ocr-capabilities' content='ocr_page ocr_carea ocr_par ocr_line ocrx_word'/>
</head>
<body>
  <div class='ocr_page' id='page_1' title='image "./lecodexdesaintja00fita_0035.png"; bbox 0 0 1998 3340; ppageno 0'>
   <div class='ocr_carea' id='block_1_1' title="bbox 743 368 950 408">
    <p class='ocr_par' dir='ltr' id='par_1_1' title="bbox 743 368 950 408">
     <span class='ocr_line' id='line_1_1' title="bbox 743 368 950 408; baseline 0.005 -10"><span class='ocrx_word' id='word_1_1' title='bbox 743 368 950 408; x_wconf 72' lang='lat'><strong>-21-</strong></span> 
     </span>
    </p>
   </div>
   <div class='ocr_carea' id='block_1_2' title="bbox 134 453 1560 2627">
    <p class='ocr_par' dir='ltr' id='par_1_2' title="bbox 134 453 1558 1799">
     <span class='ocr_line' id='line_1_2' title="bbox 194 453 1547 518; baseline 0.003 -19"><span class='ocrx_word' id='word_1_2' title='bbox 194 455 296 499; x_wconf 87' lang='lat' dir='ltr'><strong>Item</strong></span> <span class='ocrx_word' id='word_1_3' title='bbox 323 454 366 498; x_wconf 91' lang='lat' dir='ltr'>in</span> <span class='ocrx_word' id='word_1_4' title='bbox 392 453 602 499; x_wconf 87' lang='lat' dir='ltr'>cimiterio</span> <span class='ocrx_word' id='word_1_5' title='bbox 621 454 809 512; x_wconf 81' lang='lat' dir='ltr'>praefatae</span> <span class='ocrx_word' id='word_1_6' title='bbox 828 455 948 499; x_wconf 88' lang='lat' dir='ltr'>urbis</span> <span class='ocrx_word' id='word_1_7' title='bbox 983 455 1094 500; x_wconf 85' lang='lat' dir='ltr'>beati</span> <span class='ocrx_word' id='word_1_8' title='bbox 1122 455 1328 501; x_wconf 84' lang='lat' dir='ltr'>Honorati</span> <span class='ocrx_word' id='word_1_9' title='bbox 1360 458 1547 518; x_wconf 81' lang='lat' dir='ltr'>episcopi</span> 
     </span>
     <span class='ocr_line' id='line_1_3' title="bbox 137 529 1547 588; baseline 0.003 -14"><span class='ocrx_word' id='word_1_10' title='bbox 137 529 334 588; x_wconf 89' lang='lat' dir='ltr'>praesidia</span> <span class='ocrx_word' id='word_1_11' title='bbox 377 537 476 574; x_wconf 87' lang='lat' dir='ltr'>sunt</span> <span class='ocrx_word' id='word_1_12' title='bbox 516 529 794 588; x_wconf 85' lang='lat' dir='ltr'>postulanda:</span> <span class='ocrx_word' id='word_1_13' title='bbox 839 530 962 575; x_wconf 89' lang='lat' dir='ltr'>cuius</span> <span class='ocrx_word' id='word_1_14' title='bbox 1003 530 1248 575; x_wconf 84' lang='lat' dir='ltr'>solemnitas</span> <span class='ocrx_word' id='word_1_15' title='bbox 1289 532 1442 576; x_wconf 86' lang='lat' dir='ltr'>colitur</span> <span class='ocrx_word' id='word_1_16' title='bbox 1475 535 1547 579; x_wconf 92' lang='lat' dir='ltr'>de-</span> 
     </span>
     <span class='ocr_line' id='line_1_4' title="bbox 135 604 1546 663; baseline 0.004 -15"><span class='ocrx_word' id='word_1_17' title='bbox 135 605 246 649; x_wconf 89' lang='lat' dir='ltr'>cimo</span> <span class='ocrx_word' id='word_1_18' title='bbox 270 614 351 648; x_wconf 85' lang='lat' dir='ltr'>vn⁰</span> <span class='ocrx_word' id='word_1_19' title='bbox 378 605 578 649; x_wconf 83' lang='lat' dir='ltr'>kalendas</span> <span class='ocrx_word' id='word_1_20' title='bbox 617 604 839 649; x_wconf 85' lang='lat' dir='ltr'>februarii.</span> <span class='ocrx_word' id='word_1_21' title='bbox 871 606 918 649; x_wconf 93' lang='lat' dir='ltr'>In</span> <span class='ocrx_word' id='word_1_22' title='bbox 959 606 1081 663; x_wconf 85' lang='lat' dir='ltr'>cujus</span> <span class='ocrx_word' id='word_1_23' title='bbox 1106 606 1282 650; x_wconf 88' lang='lat' dir='ltr'>basilica</span> <span class='ocrx_word' id='word_1_24' title='bbox 1308 610 1546 653; x_wconf 87' lang='lat' dir='ltr'>veneranda</span> 
     </span>
     <span class='ocr_line' id='line_1_5' title="bbox 135 679 1549 740; baseline 0.003 -16"><span class='ocrx_word' id='word_1_25' title='bbox 135 686 176 724; x_wconf 92' lang='lat' dir='ltr'>et</span> <span class='ocrx_word' id='word_1_26' title='bbox 201 680 362 738; x_wconf 89' lang='lat' dir='ltr'>optima</span> <span class='ocrx_word' id='word_1_27' title='bbox 397 680 506 724; x_wconf 88' lang='lat' dir='ltr'>beati</span> <span class='ocrx_word' id='word_1_28' title='bbox 543 679 709 725; x_wconf 87' lang='lat' dir='ltr'>Genesii</span> <span class='ocrx_word' id='word_1_29' title='bbox 738 680 1037 738; x_wconf 84' lang='lat' dir='ltr'>pretiosissimi</span> <span class='ocrx_word' id='word_1_30' title='bbox 1072 681 1272 740; x_wconf 81' lang='lat' dir='ltr'>martyris</span> <span class='ocrx_word' id='word_1_31' title='bbox 1301 696 1457 740; x_wconf 90' lang='lat' dir='ltr'>corpus</span> <span class='ocrx_word' id='word_1_32' title='bbox 1485 698 1549 728; x_wconf 88' lang='lat' dir='ltr'>re-</span> 
     </span>
     <span class='ocr_line' id='line_1_6' title="bbox 135 755 1549 815; baseline 0.003 -16"><span class='ocrx_word' id='word_1_33' title='bbox 135 755 329 815; x_wconf 88' lang='lat' dir='ltr'>quiescit.</span> <span class='ocrx_word' id='word_1_34' title='bbox 370 756 442 800; x_wconf 89' lang='lat' dir='ltr'>Est</span> <span class='ocrx_word' id='word_1_35' title='bbox 484 755 614 813; x_wconf 83' lang='lat' dir='ltr'>igitur</span> <span class='ocrx_word' id='word_1_36' title='bbox 654 755 769 799; x_wconf 87' lang='lat' dir='ltr'>vicus</span> <span class='ocrx_word' id='word_1_37' title='bbox 812 755 926 800; x_wconf 84' lang='lat' dir='ltr'>iuxta</span> <span class='ocrx_word' id='word_1_38' title='bbox 952 757 1162 801; x_wconf 80' lang='lat' dir='ltr'>Arelatem</span> <span class='ocrx_word' id='word_1_39' title='bbox 1189 756 1300 801; x_wconf 88' lang='lat' dir='ltr'>inter</span> <span class='ocrx_word' id='word_1_40' title='bbox 1327 758 1410 802; x_wconf 91' lang='lat' dir='ltr'>duo</span> <span class='ocrx_word' id='word_1_41' title='bbox 1437 758 1549 803; x_wconf 92' lang='lat' dir='ltr'>Rho-</span> 
     </span>
     <span class='ocr_line' id='line_1_7' title="bbox 136 814 1551 889; baseline 0.002 -14"><span class='ocrx_word' id='word_1_42' title='bbox 136 830 233 875; x_wconf 88' lang='lat' dir='ltr'>dani</span> <span class='ocrx_word' id='word_1_43' title='bbox 256 814 446 885; x_wconf 84' lang='lat' dir='ltr'>brachia,</span> <span class='ocrx_word' id='word_1_44' title='bbox 469 831 542 889; x_wconf 89' lang='lat' dir='ltr'>qui</span> <span class='ocrx_word' id='word_1_45' title='bbox 572 830 727 875; x_wconf 89' lang='lat' dir='ltr'>dicitur</span> <span class='ocrx_word' id='word_1_46' title='bbox 750 831 1066 889; x_wconf 81' lang='lat' dir='ltr'>Trenquatalla,</span> <span class='ocrx_word' id='word_1_47' title='bbox 1092 831 1136 875; x_wconf 93' lang='lat' dir='ltr'>in</span> <span class='ocrx_word' id='word_1_48' title='bbox 1157 846 1241 889; x_wconf 90' lang='lat' dir='ltr'>quo</span> <span class='ocrx_word' id='word_1_49' title='bbox 1263 838 1326 876; x_wconf 81' lang='lat' dir='ltr'>est</span> <span class='ocrx_word' id='word_1_50' title='bbox 1352 833 1551 878; x_wconf 85' lang='lat' dir='ltr'>columna</span> 
     </span>
     <span class='ocr_line' id='line_1_8' title="bbox 135 907 1548 965; baseline 0.002 -15"><span class='ocrx_word' id='word_1_51' title='bbox 135 907 345 965; x_wconf 88' lang='lat' dir='ltr'>quaedam</span> <span class='ocrx_word' id='word_1_52' title='bbox 389 919 634 950; x_wconf 89' lang='lat' dir='ltr'>marmorea</span> <span class='ocrx_word' id='word_1_53' title='bbox 660 907 820 964; x_wconf 90' lang='lat' dir='ltr'>optima</span> <span class='ocrx_word' id='word_1_54' title='bbox 859 907 994 960; x_wconf 90' lang='lat' dir='ltr'>valde,</span> <span class='ocrx_word' id='word_1_55' title='bbox 1024 907 1202 961; x_wconf 84' lang='lat' dir='ltr'>excelsa,</span> <span class='ocrx_word' id='word_1_56' title='bbox 1233 921 1363 965; x_wconf 87' lang='lat' dir='ltr'>super</span> <span class='ocrx_word' id='word_1_57' title='bbox 1389 916 1548 953; x_wconf 87' lang='lat' dir='ltr'>terram</span> 
     </span>
     <span class='ocr_line' id='line_1_9' title="bbox 137 981 1553 1042; baseline 0.002 -17"><span class='ocrx_word' id='word_1_58' title='bbox 137 989 292 1036; x_wconf 89' lang='lat' dir='ltr'>erecta,</span> <span class='ocrx_word' id='word_1_59' title='bbox 323 981 482 1026; x_wconf 89' lang='lat' dir='ltr'>scilicet</span> <span class='ocrx_word' id='word_1_60' title='bbox 508 988 624 1025; x_wconf 86' lang='lat' dir='ltr'>retro</span> <span class='ocrx_word' id='word_1_61' title='bbox 651 981 744 1025; x_wconf 91' lang='lat' dir='ltr'>eius</span> <span class='ocrx_word' id='word_1_62' title='bbox 776 982 1014 1036; x_wconf 86' lang='lat' dir='ltr'>ecclesiam,</span> <span class='ocrx_word' id='word_1_63' title='bbox 1045 983 1095 1026; x_wconf 89' lang='lat' dir='ltr'>ad</span> <span class='ocrx_word' id='word_1_64' title='bbox 1134 996 1263 1040; x_wconf 89' lang='lat' dir='ltr'>quam</span> <span class='ocrx_word' id='word_1_65' title='bbox 1289 983 1440 1040; x_wconf 86' lang='lat' dir='ltr'>perfidi</span> <span class='ocrx_word' id='word_1_66' title='bbox 1476 999 1553 1042; x_wconf 92' lang='lat' dir='ltr'>po-</span> 
     </span>
     <span class='ocr_line' id='line_1_10' title="bbox 135 1056 1547 1116; baseline 0.003 -16"><span class='ocrx_word' id='word_1_67' title='bbox 135 1057 224 1115; x_wconf 89' lang='lat' dir='ltr'>puli</span> <span class='ocrx_word' id='word_1_68' title='bbox 255 1057 427 1109; x_wconf 90' lang='lat' dir='ltr'>beatum</span> <span class='ocrx_word' id='word_1_69' title='bbox 456 1056 702 1111; x_wconf 89' lang='lat' dir='ltr'>Genesium,</span> <span class='ocrx_word' id='word_1_70' title='bbox 731 1064 778 1101; x_wconf 92' lang='lat' dir='ltr'>ut</span> <span class='ocrx_word' id='word_1_71' title='bbox 813 1057 963 1111; x_wconf 79' lang='lat' dir='ltr'>fertur,</span> <span class='ocrx_word' id='word_1_72' title='bbox 1000 1057 1223 1116; x_wconf 84' lang='lat' dir='ltr'>alligantes</span> <span class='ocrx_word' id='word_1_73' title='bbox 1255 1059 1547 1114; x_wconf 88' lang='lat' dir='ltr'>decollarunt;</span> 
     </span>
     <span class='ocr_line' id='line_1_11' title="bbox 136 1132 1554 1194; baseline 0.004 -19"><span class='ocrx_word' id='word_1_74' title='bbox 136 1146 244 1190; x_wconf 90' lang='lat' dir='ltr'>quae</span> <span class='ocrx_word' id='word_1_75' title='bbox 274 1132 401 1176; x_wconf 90' lang='lat' dir='ltr'>etiam</span> <span class='ocrx_word' id='word_1_76' title='bbox 428 1146 565 1190; x_wconf 90' lang='lat' dir='ltr'>usque</span> <span class='ocrx_word' id='word_1_77' title='bbox 591 1132 718 1176; x_wconf 90' lang='lat' dir='ltr'>hodie</span> <span class='ocrx_word' id='word_1_78' title='bbox 745 1146 868 1177; x_wconf 91' lang='lat' dir='ltr'>roseo</span> <span class='ocrx_word' id='word_1_79' title='bbox 895 1133 986 1177; x_wconf 91' lang='lat' dir='ltr'>eius</span> <span class='ocrx_word' id='word_1_80' title='bbox 1012 1147 1166 1178; x_wconf 87' lang='lat' dir='ltr'>cruore</span> <span class='ocrx_word' id='word_1_81' title='bbox 1192 1141 1368 1192; x_wconf 89' lang='lat' dir='ltr'>apparet</span> <span class='ocrx_word' id='word_1_82' title='bbox 1393 1149 1554 1194; x_wconf 90' lang='lat' dir='ltr'>purpu-</span> 
     </span>
     <span class='ocr_line' id='line_1_12' title="bbox 135 1208 1554 1267; baseline 0.003 -16"><span class='ocrx_word' id='word_1_83' title='bbox 135 1221 224 1251; x_wconf 85' lang='lat' dir='ltr'>rea.</span> <span class='ocrx_word' id='word_1_84' title='bbox 255 1208 349 1265; x_wconf 89' lang='lat' dir='ltr'>lpse</span> <span class='ocrx_word' id='word_1_85' title='bbox 379 1221 477 1251; x_wconf 85' lang='lat' dir='ltr'>vero</span> <span class='ocrx_word' id='word_1_86' title='bbox 505 1221 601 1251; x_wconf 83' lang='lat' dir='ltr'>mox</span> <span class='ocrx_word' id='word_1_87' title='bbox 626 1215 673 1252; x_wconf 90' lang='lat' dir='ltr'>ut</span> <span class='ocrx_word' id='word_1_88' title='bbox 699 1208 929 1252; x_wconf 81' lang='lat' dir='ltr'>decollatus</span> <span class='ocrx_word' id='word_1_89' title='bbox 956 1208 1052 1261; x_wconf 84' lang='lat' dir='ltr'>fuit,</span> <span class='ocrx_word' id='word_1_90' title='bbox 1081 1209 1448 1267; x_wconf 89' lang='lat' dir='ltr'>caputproprium</span> <span class='ocrx_word' id='word_1_91' title='bbox 1467 1225 1554 1256; x_wconf 90' lang='lat' dir='ltr'>ma-</span> 
     </span>
     <span class='ocr_line' id='line_1_13' title="bbox 135 1282 1551 1342; baseline 0.003 -16"><span class='ocrx_word' id='word_1_92' title='bbox 135 1282 270 1327; x_wconf 83' lang='lat' dir='ltr'>nibus.</span> <span class='ocrx_word' id='word_1_93' title='bbox 288 1282 502 1340; x_wconf 89' lang='lat' dir='ltr'>accipiens</span> <span class='ocrx_word' id='word_1_94' title='bbox 529 1282 573 1325; x_wconf 92' lang='lat' dir='ltr'>in</span> <span class='ocrx_word' id='word_1_95' title='bbox 592 1282 849 1327; x_wconf 85' lang='lat' dir='ltr'>Rhodanum</span> <span class='ocrx_word' id='word_1_96' title='bbox 867 1283 1004 1342; x_wconf 89' lang='lat' dir='ltr'>ejecit,</span> <span class='ocrx_word' id='word_1_97' title='bbox 1027 1290 1066 1327; x_wconf 91' lang='lat' dir='ltr'>et</span> <span class='ocrx_word' id='word_1_98' title='bbox 1084 1297 1240 1342; x_wconf 86' lang='lat' dir='ltr'>corpus</span> <span class='ocrx_word' id='word_1_99' title='bbox 1258 1298 1336 1342; x_wconf 86' lang='lat' dir='ltr'>per</span> <span class='ocrx_word' id='word_1_100' title='bbox 1362 1285 1551 1330; x_wconf 86' lang='lat' dir='ltr'>medium</span> 
     </span>
     <span class='ocr_line' id='line_1_14' title="bbox 135 1357 1558 1418; baseline 0.004 -17"><span class='ocrx_word' id='word_1_101' title='bbox 135 1357 252 1402; x_wconf 83' lang='lat' dir='ltr'>fluvii</span> <span class='ocrx_word' id='word_1_102' title='bbox 280 1371 418 1416; x_wconf 88' lang='lat' dir='ltr'>usque</span> <span class='ocrx_word' id='word_1_103' title='bbox 446 1359 495 1402; x_wconf 91' lang='lat' dir='ltr'>ad</span> <span class='ocrx_word' id='word_1_104' title='bbox 528 1358 640 1401; x_wconf 89' lang='lat' dir='ltr'>beati</span> <span class='ocrx_word' id='word_1_105' title='bbox 667 1358 873 1402; x_wconf 83' lang='lat' dir='ltr'>Honorati</span> <span class='ocrx_word' id='word_1_106' title='bbox 918 1359 1153 1413; x_wconf 85' lang='lat' dir='ltr'>basilicam,</span> <span class='ocrx_word' id='word_1_107' title='bbox 1185 1360 1229 1403; x_wconf 89' lang='lat' dir='ltr'>in</span> <span class='ocrx_word' id='word_1_108' title='bbox 1273 1375 1358 1418; x_wconf 89' lang='lat' dir='ltr'>qua</span> <span class='ocrx_word' id='word_1_109' title='bbox 1381 1361 1558 1406; x_wconf 92' lang='lat' dir='ltr'>honori-</span> 
     </span>
     <span class='ocr_line' id='line_1_15' title="bbox 135 1433 1554 1492; baseline 0.004 -16"><span class='ocrx_word' id='word_1_110' title='bbox 135 1433 213 1477; x_wconf 84' lang='lat' dir='ltr'>fice</span> <span class='ocrx_word' id='word_1_111' title='bbox 233 1433 360 1491; x_wconf 74' lang='lat' dir='ltr'>Jacet‚</span> <span class='ocrx_word' id='word_1_112' title='bbox 390 1433 656 1490; x_wconf 82' lang='lat' dir='ltr'>deportavit3</span> <span class='ocrx_word' id='word_1_113' title='bbox 686 1441 813 1491; x_wconf 86' lang='lat' dir='ltr'>caput</span> <span class='ocrx_word' id='word_1_114' title='bbox 836 1447 937 1478; x_wconf 89' lang='lat' dir='ltr'>vero</span> <span class='ocrx_word' id='word_1_115' title='bbox 963 1434 1099 1492; x_wconf 90' lang='lat' dir='ltr'>ipsius</span> <span class='ocrx_word' id='word_1_116' title='bbox 1126 1449 1204 1492; x_wconf 85' lang='lat' dir='ltr'>per</span> <span class='ocrx_word' id='word_1_117' title='bbox 1230 1436 1486 1481; x_wconf 89' lang='lat' dir='ltr'>Rhodanum</span> <span class='ocrx_word' id='word_1_118' title='bbox 1513 1446 1554 1483; x_wconf 89' lang='lat' dir='ltr'>et</span> 
     </span>
     <span class='ocr_line' id='line_1_16' title="bbox 135 1508 1550 1569; baseline 0.005 -18"><span class='ocrx_word' id='word_1_119' title='bbox 135 1521 254 1552; x_wconf 87' lang='lat' dir='ltr'>mare</span> <span class='ocrx_word' id='word_1_120' title='bbox 280 1521 474 1562; x_wconf 88' lang='lat' dir='ltr'>currens,</span> <span class='ocrx_word' id='word_1_121' title='bbox 504 1508 821 1566; x_wconf 80' lang='lat' dir='ltr'>Carthaginem,</span> <span class='ocrx_word' id='word_1_122' title='bbox 850 1509 1004 1553; x_wconf 91' lang='lat' dir='ltr'>urbem</span> <span class='ocrx_word' id='word_1_123' title='bbox 1023 1510 1311 1568; x_wconf 88' lang='lat' dir='ltr'>Hispanorum</span> <span class='ocrx_word' id='word_1_124' title='bbox 1339 1512 1399 1569; x_wconf 70' lang='lat'>(¹1)</span> <span class='ocrx_word' id='word_1_125' title='bbox 1421 1513 1550 1558; x_wconf 90' lang='lat' dir='ltr'>ductu</span> 
     </span>
     <span class='ocr_line' id='line_1_17' title="bbox 134 1569 1552 1644; baseline 0.004 -17"><span class='ocrx_word' id='word_1_126' title='bbox 134 1569 330 1641; x_wconf 80' lang='lat' dir='ltr'>Angelico</span> <span class='ocrx_word' id='word_1_127' title='bbox 351 1583 558 1642; x_wconf 90' lang='lat' dir='ltr'>pervenit,</span> <span class='ocrx_word' id='word_1_128' title='bbox 585 1584 629 1627; x_wconf 93' lang='lat' dir='ltr'>in</span> <span class='ocrx_word' id='word_1_129' title='bbox 656 1599 741 1642; x_wconf 88' lang='lat' dir='ltr'>qua</span> <span class='ocrx_word' id='word_1_130' title='bbox 767 1585 926 1643; x_wconf 90' lang='lat' dir='ltr'>optime</span> <span class='ocrx_word' id='word_1_131' title='bbox 953 1598 1068 1629; x_wconf 90' lang='lat' dir='ltr'>nunc</span> <span class='ocrx_word' id='word_1_132' title='bbox 1094 1586 1327 1644; x_wconf 86' lang='lat' dir='ltr'>requiescit</span> <span class='ocrx_word' id='word_1_133' title='bbox 1352 1594 1392 1631; x_wconf 94' lang='lat' dir='ltr'>et</span> <span class='ocrx_word' id='word_1_134' title='bbox 1418 1589 1552 1633; x_wconf 86' lang='lat' dir='ltr'>multa</span> 
     </span>
     <span class='ocr_line' id='line_1_18' title="bbox 135 1647 1553 1709; baseline 0.005 -7"><span class='ocrx_word' id='word_1_135' title='bbox 135 1658 344 1703; x_wconf 89' lang='lat' dir='ltr'>miracula</span> <span class='ocrx_word' id='word_1_136' title='bbox 367 1659 495 1704; x_wconf 85' lang='lat' dir='ltr'>facit:</span> <span class='ocrx_word' id='word_1_137' title='bbox 533 1659 655 1704; x_wconf 90' lang='lat' dir='ltr'>cuius</span> <span class='ocrx_word' id='word_1_138' title='bbox 691 1647 1127 1705; x_wconf 46' lang='lat' dir='ltr'>solemnitas&#39;colitur</span> <span class='ocrx_word' id='word_1_139' title='bbox 1169 1668 1314 1707; x_wconf 89' lang='lat' dir='ltr'>octavo</span> <span class='ocrx_word' id='word_1_140' title='bbox 1351 1664 1553 1709; x_wconf 88' lang='lat' dir='ltr'>kalendas</span> 
     </span>
     <span class='ocr_line' id='line_1_19' title="bbox 139 1734 1189 1799; baseline 0.003 -20"><span class='ocrx_word' id='word_1_141' title='bbox 139 1734 410 1793; x_wconf 85' lang='lat' dir='ltr'>septembris.</span> <span class='ocrx_word' id='word_1_142' title='bbox 1186 1795 1189 1799; x_wconf 70' lang='lat'>,</span> 
     </span>
    </p>

    <p class='ocr_par' dir='ltr' id='par_1_3' title="bbox 137 1809 1560 2627">
     <span class='ocr_line' id='line_1_20' title="bbox 196 1809 1556 1868; baseline 0.005 -15"><span class='ocrx_word' id='word_1_143' title='bbox 196 1810 298 1854; x_wconf 92' lang='lat' dir='ltr'>Inde</span> <span class='ocrx_word' id='word_1_144' title='bbox 323 1809 581 1855; x_wconf 88' lang='lat' dir='ltr'>visitandum</span> <span class='ocrx_word' id='word_1_145' title='bbox 603 1817 682 1866; x_wconf 90' lang='lat' dir='ltr'>est,</span> <span class='ocrx_word' id='word_1_146' title='bbox 711 1811 826 1855; x_wconf 86' lang='lat' dir='ltr'>iuxta</span> <span class='ocrx_word' id='word_1_147' title='bbox 850 1812 1063 1857; x_wconf 88' lang='lat' dir='ltr'>Arelatem</span> <span class='ocrx_word' id='word_1_148' title='bbox 1091 1813 1261 1868; x_wconf 90' lang='lat' dir='ltr'>urbem,</span> <span class='ocrx_word' id='word_1_149' title='bbox 1297 1813 1556 1860; x_wconf 88' lang='lat' dir='ltr'>cimiterium</span> 
     </span>
     <span class='ocr_line' id='line_1_21' title="bbox 139 1885 1560 1947; baseline 0.004 -17"><span class='ocrx_word' id='word_1_150' title='bbox 139 1885 438 1930; x_wconf 86' lang='lat' dir='ltr'>defunctorum</span> <span class='ocrx_word' id='word_1_151' title='bbox 466 1886 574 1941; x_wconf 94' lang='lat' dir='ltr'>loco,</span> <span class='ocrx_word' id='word_1_152' title='bbox 606 1886 680 1945; x_wconf 92' lang='lat' dir='ltr'>qui</span> <span class='ocrx_word' id='word_1_153' title='bbox 705 1887 861 1932; x_wconf 90' lang='lat' dir='ltr'>dicitur</span> <span class='ocrx_word' id='word_1_154' title='bbox 886 1887 1170 1946; x_wconf 89' lang='lat' dir='ltr'>Ailiscampis,</span> <span class='ocrx_word' id='word_1_155' title='bbox 1200 1889 1417 1947; x_wconf 79' lang='lat' dir='ltr'>precibUS‚</span> <span class='ocrx_word' id='word_1_156' title='bbox 1448 1892 1560 1936; x_wconf 89' lang='lat' dir='ltr'>scili-</span> 
     </span>
     <span class='ocr_line' id='line_1_22' title="bbox 137 1961 1558 2022; baseline 0.005 -17"><span class='ocrx_word' id='word_1_157' title='bbox 137 1967 218 2016; x_wconf 85' lang='lat' dir='ltr'>cet,</span> <span class='ocrx_word' id='word_1_158' title='bbox 261 1961 437 2020; x_wconf 88' lang='lat' dir='ltr'>psalmis</span> <span class='ocrx_word' id='word_1_159' title='bbox 479 1968 520 2006; x_wconf 91' lang='lat' dir='ltr'>et</span> <span class='ocrx_word' id='word_1_160' title='bbox 561 1962 855 2021; x_wconf 81' lang='lat' dir='ltr'>eleemosynis,</span> <span class='ocrx_word' id='word_1_161' title='bbox 905 1970 952 2007; x_wconf 93' lang='lat' dir='ltr'>ut</span> <span class='ocrx_word' id='word_1_162' title='bbox 987 1977 1078 2008; x_wconf 90' lang='lat' dir='ltr'>mos</span> <span class='ocrx_word' id='word_1_163' title='bbox 1117 1971 1181 2008; x_wconf 88' lang='lat' dir='ltr'>est</span> <span class='ocrx_word' id='word_1_164' title='bbox 1220 1979 1298 2022; x_wconf 89' lang='lat' dir='ltr'>pro</span> <span class='ocrx_word' id='word_1_165' title='bbox 1346 1966 1558 2012; x_wconf 88' lang='lat' dir='ltr'>defunctis</span> 
     </span>
     <span class='ocr_line' id='line_1_23' title="bbox 138 2036 1553 2095; baseline 0.005 -15"><span class='ocrx_word' id='word_1_166' title='bbox 138 2050 337 2091; x_wconf 78' lang='lat' dir='ltr'>exorare3</span> <span class='ocrx_word' id='word_1_167' title='bbox 366 2036 488 2081; x_wconf 93' lang='lat' dir='ltr'>cuius</span> <span class='ocrx_word' id='word_1_168' title='bbox 514 2037 734 2095; x_wconf 81' lang='lat' dir='ltr'>longitudo</span> <span class='ocrx_word' id='word_1_169' title='bbox 762 2045 803 2082; x_wconf 90' lang='lat' dir='ltr'>et</span> <span class='ocrx_word' id='word_1_170' title='bbox 823 2039 1020 2094; x_wconf 88' lang='lat' dir='ltr'>latitudo,</span> <span class='ocrx_word' id='word_1_171' title='bbox 1039 2053 1126 2084; x_wconf 91' lang='lat' dir='ltr'>uno</span> <span class='ocrx_word' id='word_1_172' title='bbox 1146 2040 1347 2085; x_wconf 88' lang='lat' dir='ltr'>milliario</span> <span class='ocrx_word' id='word_1_173' title='bbox 1375 2049 1553 2087; x_wconf 88' lang='lat' dir='ltr'>constat.</span> 
     </span>
     <span class='ocr_line' id='line_1_24' title="bbox 139 2112 1557 2173; baseline 0.006 -18"><span class='ocrx_word' id='word_1_174' title='bbox 139 2112 216 2156; x_wconf 91' lang='lat' dir='ltr'>Tot</span> <span class='ocrx_word' id='word_1_175' title='bbox 240 2126 288 2157; x_wconf 90' lang='lat' dir='ltr'>ac</span> <span class='ocrx_word' id='word_1_176' title='bbox 312 2119 429 2157; x_wconf 90' lang='lat' dir='ltr'>tanta</span> <span class='ocrx_word' id='word_1_177' title='bbox 454 2127 551 2157; x_wconf 91' lang='lat' dir='ltr'>vasa</span> <span class='ocrx_word' id='word_1_178' title='bbox 577 2127 837 2169; x_wconf 88' lang='lat' dir='ltr'>marmorea,</span> <span class='ocrx_word' id='word_1_179' title='bbox 867 2128 999 2173; x_wconf 90' lang='lat' dir='ltr'>super</span> <span class='ocrx_word' id='word_1_180' title='bbox 1025 2121 1184 2159; x_wconf 88' lang='lat' dir='ltr'>terram</span> <span class='ocrx_word' id='word_1_181' title='bbox 1213 2116 1308 2171; x_wconf 90' lang='lat' dir='ltr'>sita,</span> <span class='ocrx_word' id='word_1_182' title='bbox 1355 2117 1399 2161; x_wconf 93' lang='lat' dir='ltr'>in</span> <span class='ocrx_word' id='word_1_183' title='bbox 1440 2119 1557 2163; x_wconf 92' lang='lat' dir='ltr'>nullo</span> 
     </span>
     <span class='ocr_line' id='line_1_25' title="bbox 139 2187 1558 2249; baseline 0.005 -18"><span class='ocrx_word' id='word_1_184' title='bbox 139 2187 351 2232; x_wconf 90' lang='lat' dir='ltr'>cimiterio</span> <span class='ocrx_word' id='word_1_185' title='bbox 377 2201 591 2247; x_wconf 89' lang='lat' dir='ltr'>nusquam</span> <span class='ocrx_word' id='word_1_186' title='bbox 629 2189 794 2247; x_wconf 84' lang='lat' dir='ltr'>possint</span> <span class='ocrx_word' id='word_1_187' title='bbox 828 2189 1008 2234; x_wconf 90' lang='lat' dir='ltr'>inveniri</span> <span class='ocrx_word' id='word_1_188' title='bbox 1035 2198 1208 2249; x_wconf 87' lang='lat' dir='ltr'>excepto</span> <span class='ocrx_word' id='word_1_189' title='bbox 1243 2191 1288 2236; x_wconf 91' lang='lat' dir='ltr'>in</span> <span class='ocrx_word' id='word_1_190' title='bbox 1327 2192 1415 2237; x_wconf 93' lang='lat' dir='ltr'>illo.</span> <span class='ocrx_word' id='word_1_191' title='bbox 1453 2194 1558 2239; x_wconf 85' lang='lat' dir='ltr'>Sunt</span> 
     </span>
     <span class='ocr_line' id='line_1_26' title="bbox 141 2262 1558 2327; baseline 0.006 -21"><span class='ocrx_word' id='word_1_192' title='bbox 141 2262 270 2307; x_wconf 88' lang='lat' dir='ltr'>etiam</span> <span class='ocrx_word' id='word_1_193' title='bbox 323 2263 500 2308; x_wconf 91' lang='lat' dir='ltr'>diversis</span> <span class='ocrx_word' id='word_1_194' title='bbox 542 2264 746 2322; x_wconf 86' lang='lat' dir='ltr'>operibus</span> <span class='ocrx_word' id='word_1_195' title='bbox 794 2271 835 2309; x_wconf 93' lang='lat' dir='ltr'>et</span> <span class='ocrx_word' id='word_1_196' title='bbox 879 2265 1028 2310; x_wconf 85' lang='lat' dir='ltr'>litteris</span> <span class='ocrx_word' id='word_1_197' title='bbox 1069 2266 1210 2311; x_wconf 90' lang='lat' dir='ltr'>latinis</span> <span class='ocrx_word' id='word_1_198' title='bbox 1263 2267 1474 2327; x_wconf 89' lang='lat' dir='ltr'>insculpta</span> <span class='ocrx_word' id='word_1_199' title='bbox 1518 2277 1558 2314; x_wconf 89' lang='lat' dir='ltr'>et</span> 
     </span>
     <span class='ocr_line' id='line_1_27' title="bbox 141 2338 1558 2403; baseline 0.006 -22"><span class='ocrx_word' id='word_1_200' title='bbox 141 2338 300 2382; x_wconf 90' lang='lat' dir='ltr'>dictatu</span> <span class='ocrx_word' id='word_1_201' title='bbox 336 2338 655 2397; x_wconf 85' lang='lat' dir='ltr'>inintelligibili,</span> <span class='ocrx_word' id='word_1_202' title='bbox 686 2340 885 2399; x_wconf 89' lang='lat' dir='ltr'>antiqua:</span> <span class='ocrx_word' id='word_1_203' title='bbox 916 2348 1076 2399; x_wconf 89' lang='lat' dir='ltr'>quanto</span> <span class='ocrx_word' id='word_1_204' title='bbox 1117 2342 1253 2401; x_wconf 82' lang='lat' dir='ltr'>magis</span> <span class='ocrx_word' id='word_1_205' title='bbox 1279 2344 1404 2401; x_wconf 82' lang='lat' dir='ltr'>longe</span> <span class='ocrx_word' id='word_1_206' title='bbox 1437 2358 1558 2403; x_wconf 89' lang='lat' dir='ltr'>pers-</span> 
     </span>
     <span class='ocr_line' id='line_1_28' title="bbox 141 2415 1558 2477; baseline 0.005 -19"><span class='ocrx_word' id='word_1_207' title='bbox 141 2415 322 2472; x_wconf 85' lang='lat' dir='ltr'>pexeris,</span> <span class='ocrx_word' id='word_1_208' title='bbox 365 2422 480 2460; x_wconf 88' lang='lat' dir='ltr'>tanto</span> <span class='ocrx_word' id='word_1_209' title='bbox 522 2417 660 2475; x_wconf 82' lang='lat' dir='ltr'>magis</span> <span class='ocrx_word' id='word_1_210' title='bbox 701 2417 825 2475; x_wconf 82' lang='lat' dir='ltr'>longe</span> <span class='ocrx_word' id='word_1_211' title='bbox 871 2419 1157 2477; x_wconf 84' lang='lat' dir='ltr'>sarcophagos</span> <span class='ocrx_word' id='word_1_212' title='bbox 1199 2419 1375 2464; x_wconf 89' lang='lat' dir='ltr'>videbis.</span> <span class='ocrx_word' id='word_1_213' title='bbox 1414 2421 1461 2464; x_wconf 94' lang='lat' dir='ltr'>In</span> <span class='ocrx_word' id='word_1_214' title='bbox 1492 2435 1558 2465; x_wconf 94' lang='lat' dir='ltr'>eo-</span> 
     </span>
     <span class='ocr_line' id='line_1_29' title="bbox 142 2489 1558 2554; baseline 0.006 -22"><span class='ocrx_word' id='word_1_215' title='bbox 142 2490 238 2533; x_wconf 90' lang='lat' dir='ltr'>dem</span> <span class='ocrx_word' id='word_1_216' title='bbox 263 2489 474 2535; x_wconf 90' lang='lat' dir='ltr'>cimiterio</span> <span class='ocrx_word' id='word_1_217' title='bbox 493 2499 656 2549; x_wconf 87' lang='lat' dir='ltr'>septem</span> <span class='ocrx_word' id='word_1_218' title='bbox 684 2492 874 2537; x_wconf 79' lang='lat' dir='ltr'>ecclesiae</span> <span class='ocrx_word' id='word_1_219' title='bbox 899 2493 1138 2549; x_wconf 88' lang='lat' dir='ltr'>habentur;</span> <span class='ocrx_word' id='word_1_220' title='bbox 1170 2494 1215 2538; x_wconf 91' lang='lat' dir='ltr'>in</span> <span class='ocrx_word' id='word_1_221' title='bbox 1236 2495 1426 2553; x_wconf 87' lang='lat' dir='ltr'>qualibet</span> <span class='ocrx_word' id='word_1_222' title='bbox 1451 2510 1558 2554; x_wconf 87' lang='lat' dir='ltr'>qua-</span> 
     </span>
     <span class='ocr_line' id='line_1_30' title="bbox 142 2565 1558 2627; baseline 0.005 -20"><span class='ocrx_word' id='word_1_223' title='bbox 142 2577 240 2608; x_wconf 90' lang='lat' dir='ltr'>rum</span> <span class='ocrx_word' id='word_1_224' title='bbox 280 2565 414 2624; x_wconf 91' lang='lat' dir='ltr'>siquis</span> <span class='ocrx_word' id='word_1_225' title='bbox 441 2568 661 2626; x_wconf 84' lang='lat' dir='ltr'>presbyter</span> <span class='ocrx_word' id='word_1_226' title='bbox 692 2568 995 2613; x_wconf 88' lang='lat' dir='ltr'>eucharistiam</span> <span class='ocrx_word' id='word_1_227' title='bbox 1023 2582 1102 2627; x_wconf 92' lang='lat' dir='ltr'>pro</span> <span class='ocrx_word' id='word_1_228' title='bbox 1144 2570 1353 2615; x_wconf 83' lang='lat' dir='ltr'>defunctis</span> <span class='ocrx_word' id='word_1_229' title='bbox 1395 2571 1558 2626; x_wconf 88' lang='lat' dir='ltr'>fecerit,</span> 
     </span>
    </p>
   </div>
   <div class='ocr_carea' id='block_1_3' title="bbox 191 2727 479 2775">
    <p class='ocr_par' dir='ltr' id='par_1_4' title="bbox 191 2727 479 2775">
     <span class='ocr_line' id='line_1_31' title="bbox 191 2727 479 2775; baseline 0.01 -13"><span class='ocrx_word' id='word_1_230' title='bbox 191 2727 240 2773; x_wconf 85' lang='grc'>(1)</span> <span class='ocrx_word' id='word_1_231' title='bbox 268 2727 479 2775; x_wconf 81' lang='lat' dir='ltr'>Cartagena.</span> 
     </span>
    </p>
   </div>
  </div>
 </body>
</html>
