1998 3340
1019 402 1200 442 -4.„

462 489 495 532 A
532 487 725 545 portibus
775 501 871 532 vero
904 487 1084 532 Cisereis
1117 501 1254 545 usque
1287 489 1339 532 ad
1377 494 1569 531 sanctum
1610 487 1815 532 Jacobum

405 563 607 607 tredecim
636 562 758 606 dietae
777 562 1003 606 habentur.
1028 562 1168 606 Prima
1187 570 1250 606 est
1267 577 1290 606 a
1308 562 1405 605 villa
1425 562 1556 606 sancti
1585 561 1813 615 Michaelis,

406 651 502 696 quae
550 644 612 681 est
646 638 690 681 in
718 639 822 695 pede
854 645 1056 695 portuum
1093 637 1260 691 Ciserae,
1293 651 1438 681 versus
1471 637 1628 681 scilicet
1665 637 1817 681 Gasco-

405 714 536 766 niam,
565 726 702 769 usqne
729 714 779 756 ad
816 712 1075 756 Biscaretum
1109 726 1117 754 z
1160 718 1199 755 et
1225 711 1316 769 ipsa
1349 719 1412 755 est
1446 726 1588 769 parva.
1627 712 1818 756 Secunda

404 795 466 833 est
491 802 516 832 a
542 788 755 832 Biscareto
782 801 918 845 usque
945 788 996 831 ad
1023 786 1330 844 Pampiloniam
1353 801 1361 830 :
1391 793 1431 830 et
1456 787 1547 844 ipsa
1574 793 1636 830 est
1663 801 1812 844 pauca.

404 863 544 908 Tertia
571 870 634 907 est
652 877 676 906 a
704 862 967 920 pampilonia
995 863 1102 905 urbe
1120 875 1255 919 usque
1281 862 1332 905 ad
1360 861 1529 905 Stellam
1557 861 1632 918 (1).
1661 860 1818 912 Quarta

406 946 468 983 est
502 953 526 982 a
550 938 674 983 Stella
699 951 836 995 usque
861 939 912 981 ad
939 937 1148 994 Nageram
1184 937 1350 990 urbem,
1387 937 1545 981 scilicet
1582 937 1813 994 equitibus.

404 1014 558 1067 Quinta
583 1021 646 1057 est
670 1027 694 1056 a
720 1013 885 1070 Nagera
912 1026 1049 1069 usque
1076 1013 1125 1055 ad
1154 1012 1307 1055 urbem
1334 1026 1429 1070 quae
1456 1012 1611 1055 dicitur
1638 1012 1814 1069 Burgas‚

405 1089 601 1134 similiter
627 1088 856 1147 equitibus.
888 1086 1010 1131 Sexta
1043 1093 1105 1130 est
1139 1100 1163 1130 a
1191 1086 1338 1144 Burgis
1365 1100 1501 1144 usque
1540 1089 1589 1130 ad
1618 1088 1818 1131 Frumes-

402 1171 488 1208 tam
524 1163 605 1222 (2).
634 1163 819 1221 Septima
843 1177 866 1206 a
899 1162 1120 1205 Frumesta
1158 1175 1292 1219 usque
1333 1162 1384 1204 ad
1421 1168 1613 1205 sanctum
1649 1161 1816 1206 Facun-

406 1241 507 1283 dum
534 1238 597 1297 (3)
619 1246 695 1283 est.
726 1238 877 1282 Octava
902 1245 964 1281 est
990 1251 1013 1280 a
1039 1243 1183 1280 sancto
1211 1236 1408 1280 Facundo
1435 1251 1570 1295 usque
1591 1238 1642 1281 ad
1665 1238 1818 1281 urbem

406 1315 633 1371 Legionem
676 1313 754 1371 (4).
801 1313 921 1356 Nona
965 1318 1027 1355 est
1070 1326 1093 1355 a
1138 1312 1320 1369 Legione
1375 1326 1510 1369 usque
1555 1313 1604 1356 ad
1652 1312 1819 1369 Rapha-

409 1391 566 1434 nellum
603 1388 679 1445 (5).
722 1388 888 1432 Decima
925 1395 986 1431 est
1028 1402 1052 1430 a
1093 1387 1352 1444 Raplianello
1389 1402 1524 1444 usque
1564 1389 1614 1430 ad
1650 1387 1821 1430 Villam-

408 1466 597 1509 francam
626 1464 706 1521 (6),
742 1464 899 1507 scilicet
936 1464 979 1506 in
1007 1463 1138 1506 bucca
1172 1462 1483 1506 Valliscarceris
1521 1462 1601 1520 (7),
1633 1462 1821 1506 transitis

414 1540 607 1597 portibus
649 1540 806 1583 montis
852 1538 958 1582 lraci
1010 1536 1086 1594 (8).
1130 1537 1362 1581 Undecima
1403 1545 1465 1580 est
1508 1552 1531 1580 a
1574 1537 1823 1581 Villafranca

413 1631 550 1674 usque
598 1617 649 1660 ad
701 1615 1014 1659 Triacastellam
1059 1613 1140 1671 (9),
1185 1613 1374 1656 transitis
1423 1612 1618 1670 portibus
1667 1612 1822 1656 montis

415 1692 636 1736 Februarii
676 1690 785 1748 (10).
831 1688 1087 1734 Duodecima
1129 1695 1191 1732 est
1233 1703 1255 1732 a
1297 1688 1565 1732 Triacastella
1602 1702 1738 1746 usque
1772 1689 1823 1730 ad

415 1767 622 1811 Palatium
665 1766 770 1823 (11).
811 1765 1058 1810 Terdecima
1094 1777 1191 1807 vero
1234 1771 1294 1807 est
1331 1778 1354 1806 a
1396 1762 1552 1806 Palatio
1591 1776 1728 1820 usque
1772 1763 1822 1806 ad

418 1850 610 1887 sanctum
635 1841 839 1886 Jacobum
863 1856 871 1885 :
900 1848 940 1884 et
966 1840 1057 1898 ipsa
1082 1839 1248 1883 modica
1276 1845 1352 1882 est.

464 2001 514 2046 (1)
539 2001 735 2045 Viscarret,
757 1999 905 2034 Estella.

467 2061 516 2106 (2)
542 2061 697 2105 Burgos,
719 2059 910 2094 Fromista.

468 2120 518 2165 (3)
546 2120 728 2164 Sahagun.

467 2180 515 2223 (4)
542 2179 655 2214 Le'on.

466 2238 516 2282 (5)
543 2237 720 2272 Rabanal.

465 2297 515 2341 (6)
540 2296 760 2331 villafranca
777 2295 836 2330 del
853 2294 991 2329 Bierzo.

463 2357 512 2401 (7)
539 2355 739 2390 Valcarcel.

466 2416 514 2459 (8)
543 2415 660 2458 Irago.

465 2473 514 2516 (9)
540 2469 782 2513 Trfflcastella,
804 2468 974 2515 province
993 2467 1037 2503 de
1057 2468 1170 2513 Lugo.

466 2531 538 2575 (10)
564 2530 736 2572 Febrero,
756 2538 803 2562 ou
821 2526 992 2562 Cebrero.

467 2587 538 2631 (11)
565 2588 671 2622 Palaz
690 2586 735 2622 de
756 2586 844 2631 Rey.
