1998 3340
1041 365 1173 406 -52
1200 389 1263 397 .-

530 611 667 657 CAPUT
692 613 764 657 Xl.
803 639 860 645 -
890 613 1009 666 Quod
1055 615 1269 671 pereyrivzi
1317 602 1456 675 sancii
1501 613 1643 658 Jacobi
1684 614 1772 658 sint

1025 689 1270 747 recipiendi.

502 828 737 886 Peregrini,
767 829 852 873 sive
878 843 1088 888 pauperes
1117 830 1203 874 sive
1229 830 1391 884 divites,
1421 844 1445 874 a
1469 829 1691 873 liminibus
1727 829 1860 874 sancti

441 903 587 948 Jacobi
612 904 856 959 redeuntes,
875 906 939 948 vel
965 904 1250 959 advenientes,
1279 905 1477 949 omnibus
1496 905 1692 962 gentibus
1718 904 1859 948 chari-

441 978 567 1022 tative
600 986 701 1023 sunt
730 979 966 1037 recipiendi
995 987 1036 1024 et
1068 980 1322 1034 venerandi3
1353 994 1453 1024 nam
1480 981 1741 1038 quicumque
1766 979 1860 1023 illos

442 1054 704 1112 receperitet
728 1054 954 1112 diligenter
971 1055 1265 1112 procuraverit
1279 1055 1481 1114 hospitio,
1499 1069 1584 1100 non
1601 1055 1740 1099 solum
1759 1055 1860 1100 bea-

445 1135 537 1172 tum
562 1130 784 1185 Jacobum,
806 1144 957 1174 verum
986 1130 1114 1174 etiam
1134 1130 1275 1188 ipsum
1294 1131 1522 1175 Dominum
1547 1131 1758 1188 hospitem
1786 1131 1862 1175 ha-

441 1205 591 1259 bebit3
620 1205 713 1263 ipso
733 1205 914 1250 Domino
943 1206 987 1250 in
1015 1205 1243 1263 Evangelio
1263 1205 1456 1250 dicente:
1491 1206 1575 1259 Qui
1600 1220 1669 1250 vos
1694 1206 1860 1264 recipit,

442 1295 508 1324 me
532 1281 697 1339 recipit.
728 1281 864 1325 Fuere
899 1281 1002 1325 olim
1044 1281 1183 1335 multi,
1213 1281 1285 1339 qui
1321 1282 1431 1325 iram
1457 1281 1533 1325 Dei
1566 1282 1859 1336 incurrerunt,

443 1356 603 1405 idcirco
632 1356 732 1414 quia
769 1357 902 1401 sancti
929 1357 1074 1401 Jacobi
1116 1356 1381 1415 peregrinos,
1403 1364 1445 1401 et
1471 1370 1643 1415 egenos,
1673 1357 1864 1415 recipere

443 1433 691 1476 noluerunt.
721 1433 843 1490 Apud
883 1432 1162 1486 Nautuaium,
1207 1447 1302 1490 quae
1334 1440 1395 1477 est
1425 1432 1522 1477 villa
1558 1433 1669 1477 inter
1699 1432 1864 1477 Geben-

443 1521 543 1551 nam
580 1515 620 1551 et
650 1508 920 1565 Lugdunum,
952 1507 1175 1566 cujusdam
1220 1508 1412 1562 texentis,
1442 1521 1597 1565 panem
1636 1507 1864 1566 peregrino

445 1582 580 1626 sancti
606 1582 754 1627 Jacobi
780 1582 861 1628 sibi
882 1583 1041 1641 petenti
1067 1583 1274 1641 negantis,
1305 1583 1386 1629 tela
1418 1597 1495 1641 per
1521 1583 1713 1627 medium
1738 1590 1866 1640 rupta

446 1659 534 1702 solo
565 1658 706 1703 subito
747 1658 918 1703 cedidit.
950 1660 1069 1717 Apud
1118 1659 1454 1703 Villam-Novam
1505 1659 1680 1717 quidam
1731 1659 1864 1703 sancti

444 1733 589 1778 Jacobi
630 1734 888 1791 peregrinus
928 1748 1089 1792 egenus
1109 1734 1278 1779 cuidam
1306 1734 1492 1789 mulieri,
1521 1747 1676 1790 panem
1701 1734 1779 1778 sub
1807 1734 1866 1777 ci-

446 1822 571 1853 neres
607 1808 766 1853 calidos
806 1809 996 1864 habenti,
1043 1810 1355 1868 eleemosynam
1395 1823 1542 1853 amore
1579 1809 1653 1854 Dei
1687 1816 1728 1853 et
1752 1809 1865 1853 beati

447 1884 593 1928 Jacobi
619 1884 795 1942 petivit3
833 1899 930 1943 quae
957 1886 1174 1943 respondit
1217 1899 1260 1929 se
1287 1898 1443 1943 panem
1470 1898 1556 1929 non
1588 1884 1762 1928 habere.
1792 1883 1865 1928 Cui

447 1959 702 2018 peregrinus
729 1959 786 2003 ait
810 1974 818 2003 :
881 1959 1056 2004 Utinam
1077 1962 1208 2018 panis
1248 1974 1368 2018 quem
1407 1961 1546 2014 habes,
1591 1960 1701 2018 lapis
1727 1965 1826 2004 esset
1851 1960 1867 2002 s

448 2034 639 2093 Cumque
673 2035 928 2093 peregrinus
955 2036 1040 2089 ille,
1070 2037 1274 2080 recedens
1307 2051 1331 2080 a
1358 2037 1482 2080 domo
1508 2036 1595 2091 illa,
1625 2037 1751 2094 longe
1781 2035 1866 2080 dis-

448 2118 596 2164 taret;
642 2110 818 2155 accessit
860 2111 1015 2155 mulier
1053 2111 1125 2155 illa
1165 2125 1351 2170 nequam
1391 2113 1443 2156 ad
1485 2112 1667 2166 cineres,
1711 2118 1867 2169 putans

449 2199 605 2244 panem
632 2199 759 2230 suum
785 2199 960 2243 capere;
991 2187 1178 2243 lapidem
1206 2188 1438 2231 rotundum
1465 2187 1509 2230 in
1535 2188 1626 2231 loco
1654 2186 1777 2245 panis
1798 2201 1867 2231 re—

450 2260 578 2319 perit.
623 2261 725 2311 Quae
766 2262 893 2305 corde
934 2261 1162 2319 poenitens,
1225 2262 1336 2307 illico
1386 2262 1628 2320 insequuta,
1675 2262 1869 2320 peregri-

451 2349 556 2380 num
598 2349 684 2380 non
724 2336 898 2380 invenit.
936 2339 1057 2394 Apud
1089 2338 1238 2382 urbem
1275 2338 1539 2382 Pictavorum
1590 2339 1674 2382 duo
1716 2338 1868 2382 heroes

452 2410 575 2464 Galli,
604 2411 696 2455 sine
711 2411 886 2469 proprio
913 2426 937 2456 a
963 2420 1106 2457 sancto
1132 2413 1288 2457 ,Iacobo
1307 2413 1406 2457 olim
1424 2414 1669 2465 redeunteS,
1699 2428 1722 2457 a
1742 2414 1868 2457 domo

451 2486 627 2530 Joannis
653 2486 841 2531 Gauterii
881 2501 1018 2546 usque
1045 2489 1095 2532 ad
1135 2495 1328 2533 sanctum
1354 2488 1604 2533 Porcarium
1633 2488 1867 2546 hospitium

452 2575 597 2605 amore
641 2561 715 2606 Dei
768 2570 808 2605 et
859 2563 991 2607 sancti
1028 2563 1173 2607 Jacobi
1215 2564 1445 2621 petierunt,
1478 2578 1557 2609 nec
1597 2564 1866 2608 invenerunt.

454 2638 643 2694 Cumque
685 2637 727 2680 in
754 2638 844 2682 aede
879 2639 1110 2695 novissima
1136 2639 1249 2683 illius
1274 2639 1368 2693 vici,
1409 2640 1567 2685 scilicet
1601 2640 1720 2698 juxta
1757 2639 1869 2684 beati

455 2711 643 2756 Porcarii
678 2712 913 2768 basilicam,
967 2715 1079 2772 apud
1129 2715 1359 2772 quemdam
1393 2729 1628 2774 pauperem
1668 2714 1870 2774 hospitati
