1998 3340
767 385 945 423 -3-

153 470 330 514 Mariam
374 469 490 514 Podii
526 479 564 513 et
607 477 794 514 sanctam
823 470 968 514 Fidem
1006 473 1055 514 de
1083 471 1266 529 Conquis
1293 480 1332 516 et
1367 482 1557 517 sanetum

155 545 327 588 Petrum
355 545 405 588 de
433 545 643 603 Moyssaeo
665 544 727 602 (1)
757 545 937 598 incedit;
969 546 1049 589 alia
1068 560 1142 603 per
1170 555 1357 590 sanctam
1388 549 1558 591 Mariam

151 619 440 676 Magdalenam
459 619 639 663 Viziliaci
658 627 698 663 et
717 626 910 663 sanctum
932 620 1196 664 Leonardum
1218 622 1557 665 Lemovioensem

152 702 193 737 et
226 694 377 738 urbem
413 694 799 751 Petragorieensem
835 694 898 752 (Ξ)
934 695 1101 751 pergit3
1145 695 1226 738 alia
1260 710 1335 753 per
1369 704 1559 740 sanctum

152 769 377 824 Martinum
415 769 706 813 Turonensem
733 777 773 813 et
807 777 998 813 sanetum
1028 769 1236 813 Hilarium
1274 770 1557 814 pictavensem

153 850 194 887 et
227 850 420 887 sanctum
462 845 668 887 Joannem
703 844 1064 902 Angeliacensem,
1105 852 1145 888 et
1183 852 1373 888 sanctum
1412 845 1561 888 Eutro-

152 918 271 976 pium
304 918 633 963 Sanctonensem
671 925 710 962 et
742 920 894 963 urbem
935 919 1293 976 Burdegalensem
1331 919 1395 977 (3)
1433 921 1557 964 vadit.

152 993 226 1037 lna
253 1007 348 1051 quae
369 1007 447 1051 per
471 993 665 1037 Sanctam
693 994 837 1038 Fidem
865 993 943 1052 (4),
974 1002 1013 1038 et
1032 994 1114 1038 alia
1138 1008 1234 1052 quae
1261 1009 1337 1051 per
1370 1002 1563 1038 sanetum

151 1069 417 1113 Leonardum
460 1068 541 1126 (5),
578 1076 618 1112 et
645 1069 726 1112 alia
762 1083 856 1127 quae
892 1083 969 1126 per
1004 1077 1198 1113 sanetum
1235 1069 1459 1113 Martinam
1501 1070 1562 1126 (6)

150 1143 297 1197 tendit,
321 1144 372 1187 ad
399 1143 680 1188 Hostavallam
710 1143 771 1201 (7)
790 1144 1116 1198 coadunantur3
1148 1151 1202 1198 et,
1227 1145 1405 1188 transito
1435 1152 1558 1201 portu

150 1217 304 1262 Ciserae
341 1218 420 1276 (8),
467 1219 518 1262 ad
563 1219 736 1262 Pontem
772 1219 944 1276 Reginae
990 1219 1207 1263 sociantur
1242 1219 1318 1262 viee
1357 1233 1453 1277 quae
1490 1233 1564 1276 per

150 1300 300 1351 portus
326 1293 475 1351 Asperi
502 1294 666 1337 transit.
690 1294 738 1337 Et
764 1308 850 1338 una
867 1295 932 1337 via
958 1294 1106 1338 exinde
1134 1308 1270 1352 usque
1297 1295 1348 1337 ad
1370 1301 1561 1338 sanetum

149 1368 358 1413 Jacobum
384 1368 582 1414 efficitur.

148 1606 247 1651 CAP.
283 1606 336 1650 11.
372 1631 428 1637 —
467 1606 525 1649 De
561 1605 687 1650 dietis
720 1605 893 1649 itineris
930 1607 1066 1650 sancti
1100 1606 1259 1650 Jacobi.
1305 1607 1558 1652 CALIXTUS

790 1679 922 1724 PAPA

207 1822 240 1863 A
266 1819 459 1877 portibus
479 1819 627 1877 Asperi
655 1832 791 1877 usque
814 1820 864 1863 ad
884 1819 1058 1863 Pontem
1084 1819 1272 1878 Reginae,
1295 1827 1382 1864 tres
1409 1835 1554 1878 paucae

149 1895 360 1939 habentur
386 1894 524 1938 dietae.
547 1893 689 1938 Prima
714 1901 774 1938 est
804 1908 827 1937 a
854 1894 1016 1948 Borma,
1046 1909 1142 1952 quae
1168 1902 1231 1939 est
1255 1895 1351 1939 villa
1376 1895 1420 1938 in
1448 1898 1553 1954 pede

147 1970 301 2014 montis
329 1970 491 2027 Asperi‚
515 1969 594 2012 sita
611 1970 811 2013 adversus
837 1968 1104 2024 Gasooniam‚
1135 1984 1270 2028 usque
1286 1972 1337 2014 ad
1354 1971 1521 2015 Jaocam
1543 1986 1554 2024 3

148 2044 335 2088 secunda
358 2050 421 2087 est
447 2058 470 2086 a
495 2044 617 2088 Jacca
642 2056 779 2100 usque
805 2043 857 2086 ad
876 2050 1062 2088 montem
1091 2045 1313 2099 Reellum;
1341 2045 1466 2089 tertia
1491 2052 1553 2089 est

147 2132 172 2162 a
197 2118 334 2162 Monte
359 2118 503 2162 Reello
531 2116 594 2176 (9)
624 2131 759 2175 usque
786 2118 837 2161 ad
866 2118 1039 2162 Pontem
1066 2120 1255 2177 Reginae.

192 2267 241 2310 (1)
269 2266 318 2300 Le
338 2266 426 2310 Puy,
455 2265 621 2311 Conques
642 2266 851 2311 (Aveyron),
873 2267 1047 2311 Moyssac.

193 2324 243 2369 (2)
269 2324 432 2369 Vezelay,
454 2324 738 2359 Saint-Leonard
760 2325 1081 2369 (Haute-Vienne),
1102 2326 1322 2371 Perigueux.

190 2384 241 2428 (3)
267 2384 395 2427 Tours,
416 2383 581 2428 Poitiers,
606 2383 1016 2430 Saint-Jean-d'Angety,
1037 2386 1189 2429 Saintes,
1210 2386 1411 2421 ssordeaUX.

192 2442 242 2487 (4)
269 2441 438 2487 Conques
455 2442 663 2486 (Aveyron).

192 2501 241 2545 (5)
269 2499 554 2535 Saint-Leonard
573 2500 890 2543 (Haute-Vienne).

192 2558 242 2603 (6)
267 2559 396 2593 Tours.

194 2616 242 2661 (7)
269 2616 429 2652 Ostabat.

192 2676 242 2722 (8)
270 2677 319 2712 Le
339 2679 422 2722 port
438 2675 483 2710 de
504 2676 597 2711 Cize.

194 2734 245 2779 (9)
269 2734 445 2770 Monreal.
