1998 3340
763 334 943 373 -7-

149 434 284 479 usque
314 421 366 463 ad
392 419 683 465 Castaniollam
709 420 760 463 ad
789 420 1025 464 faciendam
1052 419 1208 463 calcem
1235 420 1283 462 ad
1314 433 1420 476 opus
1449 419 1558 463 basi·

149 496 238 539 licae
255 495 527 552 Apostolicae;
558 495 654 538 inde
681 501 743 537 est
768 494 862 538 villa
889 494 1021 538 sancti
1048 494 1261 538 Michaelis
1283 509 1291 547 ;
1322 494 1418 537 inde
1449 494 1551 537 Bar-

148 570 364 623 badellus;
403 570 499 613 inde
534 583 638 627 pons
666 569 813 613 Mineae
833 569 924 627 (1>;
964 569 1061 612 inde
1087 568 1181 612 Sala
1216 568 1415 625 Regin{e;
1454 568 1551 612 inde

149 644 354 687 Palatium
394 645 534 701 Regis.
573 645 674 688 Inde
710 657 884 701 campus
929 643 1207 695 Levurarius3
1255 642 1353 685 inde
1381 650 1550 686 sanctus

147 719 328 763 Jacobus
354 719 404 762 de
432 719 617 771 Boento;
660 718 756 760 inde
784 718 1035 762 Castaniolla
1067 716 1150 772 ‹2);
1182 717 1278 759 inde
1307 716 1547 769 Villanova3

150 793 246 837 inde
272 793 472 843 Ferreras
492 808 502 846 ;
533 793 629 836 inde
648 792 1008 837 COMPOSTELLA
1034 791 1278 848 apostolica,
1302 790 1404 833 urbs
1424 791 1557 833 excel-

149 868 398 921 lentissima,
428 867 589 911 cunctis
616 867 776 910 deliciis
814 866 1074 923 plenissima,
1104 865 1325 922 corporale
1351 865 1555 908 talentum

147 942 258 986 beati
283 942 427 986 Jacobi
454 942 615 985 habens
642 941 685 985 in
713 941 904 985 custodia
925 956 934 994 ;
965 941 1078 984 unde
1104 940 1267 984 felicior
1286 946 1327 983 et
1350 939 1557 984 excelsior

149 1017 311 1061 cunctis
336 1017 551 1074 Hispaniae
579 1016 759 1060 urbibus
787 1023 850 1060 est
875 1017 1126 1073 approbata.

206 1092 367 1136 Idcirco
399 1093 475 1136 has
501 1092 618 1135 villas
644 1098 685 1135 et
716 1092 911 1149 praefatas
947 1091 1080 1134 dietas
1117 1089 1438 1148 praescriptione
1465 1103 1556 1133 res-

150 1166 275 1210 trinxi
310 1181 387 1225 pro
415 1167 678 1224 exceptione,
720 1174 765 1210 ut
792 1165 1006 1223 peregrini
1039 1166 1088 1208 ad
1123 1171 1314 1208 sanctum
1353 1165 1556 1208 Jacobum

150 1243 465 1300 proficiscentes
498 1256 703 1299 expensas
737 1256 813 1285 suo
853 1241 993 1285 itineri
1036 1240 1298 1285 necessarias
1330 1240 1426 1293 sibi,
1467 1240 1558 1283 haec

150 1317 385 1372 audientes,
415 1316 703 1376 praemeditari
730 1317 941 1360 studeant.

345 1557 442 1617 CAP.
473 1571 538 1615 IV.
572 1596 630 1603 -
661 1571 721 1614 De
747 1570 882 1614 tribus
908 1569 1186 1628 hospitalibus
1206 1570 1354 1638 cosmi.

205 1729 306 1773 Tres
347 1728 564 1772 columnas
602 1727 720 1770 valde
746 1725 1007 1770 necessarias
1049 1725 1101 1768 ad
1137 1724 1411 1768 sustinendos
1452 1737 1554 1780 pau-

149 1817 271 1860 peres
312 1817 412 1847 suos
452 1802 634 1846 maxime
676 1801 879 1845 Dominus
921 1801 964 1843 in
1008 1801 1085 1843 hoc
1136 1800 1294 1843 mundo
1336 1798 1546 1842 instituit:

149 1878 356 1935 hospitale
397 1877 554 1921 scilicet
581 1877 829 1928 Jerusalem,
870 1883 909 1919 et
938 1875 1144 1931 hospitale
1171 1873 1327 1917 montis
1354 1873 1482 1925 socci,
1511 1881 1552 1916 et

149 1953 359 2009 hospitale
394 1959 550 1996 sanctae
585 1951 811 1995 Christinee
847 1951 957 2008 quod
997 1949 1128 1993 estin
1153 1948 1348 2006 portibus
1387 1947 1550 2004 Asperi.

149 2028 248 2071 Haec
263 2034 364 2071 sunt
379 2026 604 2084 hospitalia
620 2026 664 2068 in
690 2025 792 2069 locis
812 2024 1061 2069 necessariis
1084 2024 1231 2081 posita.
1254 2023 1362 2066 Loca
1389 2029 1547 2075 sancta,

149 2102 300 2145 domus
338 2101 426 2154 Dei,
470 2101 640 2144 resectio
682 2108 941 2153 sanctorum,
989 2098 1317 2157 peregrinorum
1361 2096 1546 2154 requies,

148 2176 364 2233 egentium
392 2175 638 2228 consolatio,
667 2174 937 2217 infirmorum
962 2174 1094 2226 salUS‚
1121 2179 1392 2216 mortuorum
1418 2171 1553 2214 subsi-

149 2252 266 2295 dium
307 2250 488 2308 [pariter
512 2250 577 2307 ac]
619 2247 840 2293 vivorum!
870 2249 969 2292 Haec
994 2249 1124 2305 igitur
1158 2249 1249 2291 loca
1286 2252 1554 2290 sacrosancta

148 2325 407 2383 quicumque
447 2325 731 2377 aedificaverit,
769 2324 1050 2381 proculdubio
1084 2336 1265 2381 regnum
1308 2322 1378 2365 Dei
1415 2320 1548 2379 possi-

149 2400 280 2444 debit.

197 2557 246 2600 (1)
273 2556 407 2590 Puerto
427 2555 544 2590 Marin
563 2565 627 2589 sur
646 2556 680 2589 le
702 2555 817 2589 sseuve
836 2554 945 2589 Mino.

198 2613 247 2659 (2)
273 2613 482 2656 Leboreiro,
504 2613 652 2656 Boente,
675 2611 875 2648 Castafiola.
