1998 3340
785 373 995 413 —51—

185 467 257 506 tur
297 459 424 505 etiam
465 460 525 504 ibi
566 459 742 518 angelus
780 459 951 505 Gabriel
992 460 1043 504 ad
1087 472 1197 503 eam.
1242 460 1299 503 Ad
1325 460 1469 504 laevam
1499 475 1596 505 vero

186 547 316 592 super
346 541 507 592 portas,
547 535 591 578 in
635 535 798 578 laterali
839 535 1033 589 introitu,
1078 548 1247 578 menses
1288 535 1388 578 anni
1433 543 1473 579 et
1515 537 1597 580 alia

187 609 320 653 multa
347 623 478 667 opera
504 610 682 668 pulchra
719 610 985 668 sculpuntur.
1028 610 1117 653 Duo
1143 622 1242 653 vero
1274 610 1418 653 leones
1456 611 1596 668 magni

188 690 230 728 et
254 683 416 729 feroces
451 685 687 729 forinsecus
713 685 757 728 in
784 685 1019 742 parietibus
1061 685 1291 738 habentur,
1333 684 1406 742 qui
1442 687 1594 738 valvas,

187 760 309 818 quasi
336 761 625 815 observantes,
654 774 824 818 semper
849 761 1086 818 respiciunt
1111 774 1223 805 unus
1247 761 1298 804 ad
1318 761 1531 805 dexteram
1559 770 1599 806 et

188 835 297 880 alius
323 837 374 880 ad
401 837 565 880 laevam.
595 836 641 880 In
668 837 939 880 liminaribus
959 850 1058 880 vero
1077 849 1247 880 sursum
1269 844 1453 894 quatuor
1474 838 1601 894 Apos-

187 911 262 955 toli
289 912 518 963 habentur,
537 912 734 956 manibus
761 911 945 956 sinistris
971 912 1104 955 libros
1133 911 1289 969 singuli
1322 911 1512 969 singulos
1539 919 1601 956 te-

187 993 353 1041 nentes,
383 993 425 1030 et
449 987 606 1031 dextris
633 987 832 1031 manibus
858 987 1028 1031 elevatis
1048 986 1364 1030 introeuntibus
1382 987 1600 1031 basilicam

187 1060 374 1123 innuunt
408 1061 762 1106 benedictionem.
804 1062 955 1106 Petrus
1001 1069 1063 1105 est
1103 1061 1146 1104 in
1182 1061 1358 1105 introitu
1395 1061 1601 1106 sinistrali

188 1135 239 1179 ad
283 1136 516 1191 dexteram,
561 1137 716 1181 Paulus
753 1137 805 1181 ad
849 1137 1011 1191 laevam,
1056 1143 1096 1180 et
1139 1136 1183 1179 in
1210 1136 1386 1180 dextrali
1427 1136 1602 1181 introitu

186 1209 370 1255 Joannes
412 1212 634 1269 Apostolus
675 1213 726 1256 ad
771 1213 1006 1264 dexteram,
1051 1219 1092 1254 et
1131 1211 1282 1255 beatus
1322 1212 1504 1255 Jacobus
1552 1213 1602 1255 ad

188 1285 350 1340 laevam.
395 1285 475 1330 Sed
517 1294 557 1330 et
599 1300 728 1345 super
771 1287 939 1344 singula
982 1286 1282 1343 Apostolorum
1323 1286 1460 1344 capita
1496 1300 1605 1344 quo-

189 1362 386 1405 rumdam
428 1361 557 1405 boum
599 1375 645 1405 ex
684 1360 956 1405 liminaribus
998 1359 1278 1404 exsilientium
1321 1360 1460 1418 capita
1495 1361 1606 1405 scul-

188 1443 366 1493 puntur.

639 1558 655 1600 5
674 1558 706 1591 8.
723 1575 764 1582 -—
780 1558 829 1591 De
845 1561 941 1600 porta
956 1558 1156 1592 meridiana.

251 1662 300 1705 In
325 1660 564 1706 meridiana
588 1667 712 1719 porta
751 1662 999 1718 Apostolicae
1042 1647 1226 1706 basilicae
1265 1662 1350 1705 duo
1390 1660 1604 1715 introitus,

193 1743 240 1780 ut
276 1735 476 1789 diximus,
520 1734 736 1779 habentur
777 1741 817 1779 et
852 1742 1038 1792 quatuor
1064 1735 1204 1779 valvae.
1235 1735 1282 1778 In
1308 1734 1484 1779 dextrali
1509 1749 1609 1778 vero

193 1810 372 1855 introitu
398 1810 490 1854 eius
517 1811 568 1854 de
594 1810 713 1864 soris,
743 1810 905 1854 scilicet
923 1810 967 1854 in
992 1811 1134 1868 primo
1162 1810 1328 1861 ordine,
1351 1823 1481 1867 super
1508 1824 1607 1868 por·
1653 1860 1656 1864 ,

193 1893 254 1930 tas
280 1885 500 1930 Dominica
523 1884 710 1929 Traditio
751 1885 861 1929 miro
889 1899 1019 1943 opere
1049 1885 1283 1943 sculpitur:
1311 1885 1369 1928 ibi
1405 1885 1608 1928 Dominus

193 1960 350 2018 ligatur
388 1960 588 2004 manibus
631 1960 878 2004 Judaeorum
914 1962 966 2005 ad
1005 1961 1212 2018 pilarem3
1259 1960 1317 2004 ibi
1360 1960 1610 2004 verberatur

194 2035 391 2094 corrigiis
406 2050 416 2089 ;
461 2035 520 2079 ibi
563 2035 680 2079 sedet
724 2035 883 2079 Pilatus
922 2035 966 2079 in
1010 2035 1237 2089 Cathedra,
1267 2035 1390 2093 quasi
1412 2034 1610 2093 judicans

194 2124 310 2155 eum.
339 2111 530 2168 Desuper
554 2124 653 2154 vero
680 2109 723 2153 in
749 2110 832 2153 alio
860 2109 1010 2154 ordine
1044 2111 1168 2154 beata
1196 2110 1340 2164 Maria,
1372 2110 1503 2153 Mater
1531 2109 1610 2153 Do-

194 2186 316 2240 mini,
353 2200 452 2230 cum
477 2186 583 2230 Filio
609 2199 686 2229 suo
705 2185 749 2228 in
769 2185 1019 2229 Bethlehem
1042 2185 1267 2243 sculpitur,
1298 2192 1339 2229 et
1364 2193 1450 2229 tres
1479 2185 1611 2241 Reges

194 2261 268 2320 qui
310 2261 487 2305 veniunt
526 2262 578 2305 ad
619 2260 878 2305 visitandum
915 2274 1100 2318 puerum
1147 2274 1244 2304 cum
1286 2261 1416 2304 Matre
1451 2259 1610 2302 trinum

195 2351 353 2382 munus
379 2338 418 2381 ei
444 2337 688 2391 offerentes,
719 2343 760 2380 et
785 2336 926 2389 Stella,
957 2343 996 2380 et
1037 2337 1222 2394 Angelus
1265 2350 1336 2380 eos
1379 2336 1611 2379 admonens

198 2427 252 2458 ne
278 2414 454 2458 redeant
478 2413 530 2456 ad
556 2412 787 2456 Herodem.
819 2412 866 2455 In
894 2411 1166 2456 liminaribus
1194 2412 1385 2455 eiusdem
1413 2410 1612 2454 introitus

199 2495 299 2532 sunt
324 2489 409 2532 duo
435 2488 622 2546 Apostoli
650 2487 770 2546 quasi
808 2487 1025 2530 valvarum
1054 2487 1267 2540 custodes,
1297 2499 1409 2530 unus
1436 2487 1486 2529 ad
1516 2487 1613 2528 dex-

200 2570 350 2617 teram,
399 2570 440 2607 et
479 2563 587 2607 alius
628 2563 680 2606 ad
722 2562 968 2615 sinistram3
1015 2561 1212 2605 similiter
1249 2561 1294 2604 in
1319 2561 1401 2604 alio
1436 2560 1611 2604 introitu

200 2638 419 2692 sinistrali,
467 2638 507 2680 in
552 2637 826 2681 liminaribus
869 2636 1045 2690 scilicet,
1088 2636 1159 2680 alii
1195 2637 1280 2681 duo
1306 2636 1488 2694 Apostoli
1538 2636 1612 2678 ha-

199 2713 369 2759 bentur.
401 2714 451 2758 Et
477 2714 521 2757 in
546 2713 686 2771 primo
713 2712 862 2758 ordine
887 2712 1078 2756 eiusdem
1104 2711 1318 2767 introitus,
1349 2725 1480 2770 super
1512 2725 1613 2769 por-
