1998 3340
762 368 971 407 -27-

151 455 317 499 deferre
352 454 646 498 fraudulenter
672 455 812 498 conati
847 463 961 510 sunt,
992 456 1064 500 sed
1093 455 1212 499 nullo
1238 456 1365 500 modo
1392 456 1453 500 ire
1479 470 1563 501 una

156 544 252 574 cum
294 543 344 573 eo
390 530 629 574 valuerunt.
681 528 874 580 Quatuor
922 538 1021 574 sunt
1066 530 1316 574 Sanctorum
1366 545 1561 588 corpora,

151 619 247 663 quae
272 605 324 649 ab
352 605 495 663 aliquo
522 606 572 648 de
590 604 777 662 propriis
805 606 1081 663 sarcophagis
1107 606 1225 649 nullo
1253 606 1380 649 modo
1403 607 1563 650 moveri

152 694 275 737 posse
315 679 577 733 referuntur,
623 687 669 723 ut
709 693 732 722 a
781 681 924 724 multis
977 681 1206 737 probatur;
1252 681 1363 725 beati
1408 681 1567 725 scilicet

150 755 294 800 Jacobi
334 755 538 809 Zebedaei,
569 761 609 798 et
650 755 761 805 beati
807 755 973 799 Martini
1017 743 1295 810 Turonensis,
1344 764 1385 800 et
1432 758 1563 800 sancti

154 814 370 874 Leonardi‘
386 829 711 882 Lemovicensis‚
735 837 775 874 et
793 830 905 874 beati
932 830 1086 888 AEgidii
1113 830 1265 874 Christi
1289 831 1563 876 Confessoris.

153 906 352 950 Traditur
391 906 506 963 quod
543 905 783 963 Philippus,
813 906 898 949 Rex
927 906 1175 957 Galliarum,
1211 907 1359 950 eadem
1387 920 1567 963 corpora

152 982 203 1024 ad
236 979 411 1024 Galliam
438 980 604 1024 deferre
631 980 732 1024 olim
762 980 955 1033 tentavit;
984 982 1056 1025 sed
1085 982 1203 1025 nullo
1231 982 1357 1025 modo
1384 983 1435 1025 de
1467 995 1567 1039 pro-

152 1056 257 1114 priis
278 1055 558 1113 *sarcophagis
585 1055 673 1098 suis
700 1069 749 1099 ea
776 1069 946 1100 movere
972 1055 1123 1112 potuit.

212 1131 344 1187 Igitur
383 1132 434 1174 ab
478 1131 545 1175 his
571 1131 644 1189 qui
672 1145 749 1188 per
781 1131 891 1174 viam
919 1132 1172 1175 Tolosanam
1207 1132 1256 1174 ad
1287 1131 1326 1174 S.
1364 1130 1568 1175 Jacobum

154 1207 348 1260 tendunt,
387 1206 498 1249 beati
532 1206 794 1250 Confessoris
835 1205 1049 1250 Guillelmi
1090 1213 1356 1263 corpus-est
1395 1206 1569 1249 visitan-

154 1282 272 1325 dum.
317 1281 594 1325 Santissimus
639 1294 825 1338 namque
861 1280 1113 1324 Guillelmus
1157 1280 1332 1337 signifer
1372 1281 1570 1338 egregius

154 1369 295 1399 comes
324 1355 461 1401 Caroli
487 1355 628 1412 Magni
655 1356 782 1412 Regis
809 1355 942 1399 extitit
968 1369 1055 1399 non
1082 1355 1304 1409 minimus,
1334 1356 1456 1399 miles
1482 1356 1571 1399 for-

156 1431 361 1484 tissimus,
397 1431 509 1474 bello
537 1429 823 1474 doctissimus.
854 1430 931 1473 Hic
960 1431 1111 1474 urbem
1136 1431 1485 1484 Nemausensem,
1527 1438 1573 1474 ut

155 1506 306 1559 fertur,
337 1513 376 1549 et
402 1505 666 1559 Aurasicam,
692 1505 882 1563 aliasque
922 1506 1092 1560 multaS,
1128 1505 1360 1549 christiano
1391 1506 1572 1564 imperio

155 1595 231 1624 sua
247 1580 401 1624 virtute
427 1580 588 1638 potenti
616 1580 873 1638 subiugavit,
892 1580 1144 1638 lignumque
1172 1580 1437 1624 Dominicum
1458 1583 1571 1638 apud

158 1656 306 1698 vallem
332 1655 493 1700 Gelloni
521 1669 666 1700 secum
700 1655 864 1708 detulit,
902 1655 945 1698 in
973 1670 1058 1713 qua
1100 1655 1261 1699 scilicet
1290 1656 1395 1700 valle
1417 1656 1574 1700 eremi-

163 1730 286 1774 ticam
328 1730 456 1774 vitam
482 1731 613 1784 duxit,
659 1737 699 1774 et
734 1731 858 1774 beato
886 1731 970 1774 fine
996 1730 1152 1775 Christi
1182 1731 1399 1775 confessor
1441 1731 1485 1774 in
1529 1745 1578 1775 ea

161 1804 399 1848 honorifice
424 1805 671 1862 requiescit.
684 1855 686 1857 ‚
700 1806 831 1851 Cuius
849 1820 970 1851 sacra
989 1806 1236 1850 solemnitas
1254 1806 1403 1864 quinto
1430 1806 1574 1850 kalen-

157 1881 231 1924 das
267 1879 382 1924 Junii
409 1880 577 1924 colitur.

218 1955 322 1999 Item
363 1955 407 1998 in
434 1957 582 1999 eadem
609 1955 675 1999 via
700 1957 926 2001 beatorum
972 1953 1203 2014 Martyrum
1261 1970 1442 2014 corpora
1477 1956 1576 2000 visi-

160 2031 288 2074 tanda
330 2038 444 2083 sunt,
488 2030 646 2075 Tiberii
689 2032 863 2075 Modesti
909 2040 948 2076 et
1001 2032 1243 2084 Florentiae,
1273 2031 1346 2089 qui
1382 2038 1576 2087 tempore

159 2105 406 2149 Diocletiani
435 2105 563 2149 variis
590 2106 814 2150 tormentis
840 2121 918 2164 pro
943 2107 1097 2152 Christi
1123 2107 1206 2151 fide
1231 2106 1427 2157 cruciati„
1461 2119 1574 2149 mar-

161 2181 315 2239 tyrium
343 2182 677 2238 compleverunt.
707 2182 857 2226 ‚Iacent
890 2196 1019 2239 super
1056 2182 1234 2226 fluvium
1268 2182 1502 2226 Airandum
1533 2180 1576 2223 in

160 2255 321 2312 optimo
348 2256 592 2312 sepulchro.
622 2255 812 2306 Quorum
843 2256 1090 2300 solemnitas
1117 2257 1272 2301 colitur
1299 2263 1451 2314 quarto
1478 2255 1575 2298 idus

160 2330 419 2374 novembris.
979 2330 983 2333 ’

218 2405 320 2449 Item
349 2405 393 2448 in
420 2406 568 2450 eadem
604 2406 671 2450 via
698 2406 954 2450 visitandum
996 2414 1059 2451 est
1098 2420 1254 2464 corpus
1296 2405 1574 2463 dignisimum

160 2480 269 2524 beati
306 2480 538 2534 Saturnini,
568 2481 757 2539 episcopi
786 2488 826 2525 et
851 2482 1065 2540 martyris,
1095 2482 1168 2540 qui
1197 2482 1240 2524 in
1269 2481 1472 2538 Capitolio
1500 2481 1578 2524 To-

161 2556 261 2599 losae
286 2555 405 2599 urbis
432 2570 456 2599 a
484 2556 658 2613 paganis
686 2563 843 2611 tentus,
883 2557 1017 2601 tauris
1045 2556 1265 2601 acerrimis
1292 2562 1332 2600 et
1358 2555 1577 2600 indomitis

160 2631 370 2688 alligatus,
420 2638 547 2688 atque
575 2645 598 2674 a
626 2645 793 2676 summa
829 2631 1022 2689 Capitolii
1051 2646 1148 2676 arce
1176 2645 1313 2690 usque
1356 2632 1406 2675 ad
1449 2627 1577 2688 caput

162 2705 288 2750 unius
316 2705 506 2750 milliarii
525 2703 603 2764 p'er
620 2720 768 2751 omnes
788 2708 946 2765 gradus
966 2707 1155 2765 lapideos
1181 2706 1476 2765 precipitatus,
1506 2720 1576 2750 ca-
