1998 3340
773 364 983 406 „47-

174 464 312 509 usque
338 451 389 495 ad
418 451 607 496 ecclesiae
632 451 792 496 Coelum
819 454 1089 510 pertingunt3
1119 460 1160 497 et
1195 467 1265 497 sex
1290 468 1437 512 paucae
1464 454 1579 499 navi-

173 526 279 570 culae
304 539 440 583 usque
462 527 510 570 ad
526 526 694 570 medias
720 526 904 571 cindrias
932 535 1094 571 tantum
1112 529 1360 572 ascendunt.
1385 529 1583 588 Utraeque

174 613 339 657 magnae
364 614 490 644 naves
516 601 714 645 undecim
741 608 782 645 et
807 602 1031 647 dimidium
1057 609 1189 646 status
1215 603 1400 648 hominis
1426 606 1584 649 habent

173 674 218 718 in
258 675 494 719 latitudIne.
533 676 694 720 Statum
736 677 920 721 hominis
961 684 1074 721 recte
1101 681 1152 721 de
1180 684 1272 722 octo
1314 679 1467 736 palmis
1494 694 1584 724 esse

173 749 369 794 dicimus.
416 751 464 794 ln
507 751 660 795 maiori
702 752 796 796 navi
844 752 1032 810 triginta,
1080 766 1190 797 unus
1224 753 1381 807 minus,
1429 755 1584 811 pilares

170 826 384 871 habentur
420 842 429 870 ;
475 828 798 885 quatuordecim
853 829 905 872 ad
959 830 1174 873 dexteram
1222 829 1482 888 totidemque
1533 832 1584 874 ad

172 902 335 957 laevam,
364 909 406 946 et
433 916 542 947 unus
575 910 637 947 est
663 903 774 947 inter
800 905 906 948 duos
932 905 1135 962 portallos
1176 904 1344 949 deintus
1384 906 1585 950 adversus

172 978 434 1035 aquilonem,
463 978 535 1036 qui
565 978 749 1022 ciborios
784 987 965 1037 separat.
1012 979 1270 1024 In‘navibus
1313 994 1413 1024 vero
1446 982 1585 1026 crucis

173 1052 364 1109 eiusdem
402 1053 605 1107 ecclesiae,
635 1068 659 1098 a
683 1061 807 1112 porta
838 1054 1032 1099 videlicet
1071 1055 1333 1112 Francigena
1370 1070 1506 1114 usque
1533 1058 1583 1100 ad

171 1128 470 1183 meridianam,
499 1129 645 1187 viginti
673 1138 711 1174 et
746 1145 816 1175 sex
842 1132 1055 1175 habentur
1079 1132 1252 1188 pilares,
1282 1132 1506 1176 duodecim
1534 1134 1584 1176 ad

171 1204 402 1257 dexteram,
434 1205 694 1263 totidemque
720 1207 772 1249 ad
807 1207 977 1260 laevam3
1007 1221 1190 1265 quorum
1218 1208 1301 1251 duo
1328 1214 1423 1251 ante
1449 1208 1585 1252 valvas

171 1277 285 1325 intus
312 1279 437 1337 positi
463 1280 646 1324 ciborios
673 1289 871 1338 separant
897 1288 938 1325 et
963 1282 1180 1338 portallos.
1214 1283 1261 1326 In
1286 1296 1445 1326 corona
1470 1296 1586 1326 nam-

171 1368 256 1412 que
281 1355 469 1399 ecclesiae
496 1362 590 1400 octo
610 1356 847 1413 singulares
881 1357 1090 1401 columnae
1109 1358 1323 1401 habentur
1345 1358 1456 1401 circa
1474 1358 1585 1401 beati

172 1429 317 1474 Jacobi
359 1431 514 1484 atlare3
557 1445 628 1475 sex
653 1431 874 1487 naviculae,
905 1446 1000 1490 quae
1027 1432 1224 1490 superius
1264 1433 1307 1475 in
1334 1433 1489 1490 palatio
1516 1447 1585 1477 ec-

172 1504 312 1549 clesiae
347 1506 574 1560 habentur,
604 1507 869 1563 longitudine
895 1515 936 1551 et
961 1507 1183 1551 latitudine
1221 1508 1293 1551 tali
1339 1515 1437 1552 sunt
1478 1508 1586 1552 sicut

171 1580 417 1638 subiugales
459 1581 553 1625 aliae
593 1582 802 1626 naviculae
841 1596 936 1640 quae
978 1589 1076 1626 sunt
1121 1584 1348 1636 deorsum,
1410 1597 1458 1627 ex
1497 1597 1584 1627 uno

171 1655 344 1713 quidem
386 1657 517 1701 latere
563 1665 710 1701 tenent
750 1657 950 1715 parietes,
993 1664 1034 1701 et
1076 1657 1158 1701 alio
1198 1658 1370 1716 pilares,
1409 1658 1483 1716 qui
1511 1659 1584 1702 de-

172 1732 319 1775 subter
359 1733 411 1776 de
460 1732 626 1790 magnis
676 1733 855 1776 navibus
909 1746 1080 1776 sursum
1131 1733 1380 1786 ascendunt,
1425 1740 1465 1776 et
1507 1735 1585 1777 du-

170 1807 301 1864 plices
350 1807 507 1864 pilares
570 1822 594 1851 a
652 1807 906 1866 lapicidibus
956 1813 1160 1851 vocantur
1210 1808 1359 1852 mediae
1408 1808 1582 1853 cindrae.

170 1881 279 1933 Quot
304 1889 402 1926 sunt
427 1883 585 1940 pilares
614 1883 810 1936 inferius,
838 1883 882 1926 in
917 1882 1110 1937 ecclesia,
1147 1889 1207 1927 tot
1247 1891 1345 1927 sunt
1386 1884 1583 1941 superius

171 1957 214 2000 in
256 1957 435 2002 navibus
451 1973 461 2011 ;
502 1965 541 2002 et
568 1965 671 2016 quot
697 1958 878 2015 cingulae
904 1957 1098 2012 inferius,
1134 1965 1196 2001 tot
1221 1966 1319 2002 sunt
1346 1959 1388 2001 in
1425 1960 1582 2016 palatio

173 2033 402 2090 superius:
441 2034 513 2077 sed
549 2034 593 2076 in
633 2033 812 2077 navibus
840 2032 983 2090 palatii
1027 2033 1138 2077 inter
1179 2033 1335 2090 pilares
1373 2033 1582 2091 singulos,

172 2109 268 2152 duae
294 2109 423 2153 simul
448 2109 658 2153 columnae
684 2122 852 2166 semper
877 2115 991 2162 sunt,
1021 2123 1117 2166 quae
1144 2116 1346 2152 vocantur
1373 2110 1581 2153 columna?

172 2184 347 2228 cindriae
382 2199 405 2228 a
430 2184 698 2242 lapicidibus.
731 2184 777 2227 ln
804 2185 951 2227 eadem
990 2198 1089 2227 vero
1123 2184 1300 2227 ecclesia
1326 2185 1443 2227 nulla
1479 2185 1582 2228 scis-

173 2273 289 2314 sura,
317 2261 382 2303 vel
408 2260 626 2317 corruptio
646 2259 873 2312 invenitur,
897 2259 1151 2302 mirabiliter
1171 2266 1387 2316 operatur,
1411 2273 1579 2317 magna,

173 2335 372 2392 spatiosa,
418 2336 546 2389 clara,
591 2334 884 2392 magnitudine
927 2334 1191 2385 condecenti,
1229 2334 1450 2379 latitudine
1491 2337 1581 2379 lon-

172 2410 364 2468 gitudine
389 2417 431 2453 et
456 2411 678 2454 altitudine
704 2410 971 2466 congruenti,
1001 2410 1111 2452 miro
1138 2417 1177 2452 et
1212 2409 1414 2453 ineffabili
1455 2424 1583 2468 opere

172 2482 369 2535 hahetur,
399 2495 496 2539 quae
522 2481 651 2525 etiam
678 2480 902 2538 dupliciter
927 2480 1038 2523 velut
1079 2480 1222 2537 regale
1250 2480 1453 2537 palatium
1481 2495 1583 2537 ope-

173 2565 307 2601 ratur.
338 2557 415 2607 Qui
443 2557 556 2600 enim
584 2570 755 2600 sursum
790 2569 867 2613 per
893 2568 1018 2598 naves
1056 2554 1200 2611 palatii
1227 2555 1354 2607 vadit,
1384 2555 1417 2598 si
1453 2556 1584 2599 tristis

174 2634 377 2687 ascendit,
405 2633 493 2676 visa
519 2633 678 2689 optima
703 2630 1018 2687 pulchritudine
1044 2630 1235 2673 eiusdem
1270 2630 1432 2687 templi,
1462 2631 1582 2675 laetus

174 2717 215 2752 et
240 2709 407 2766 gavisus
433 2708 628 2752 efficitur.
