1998 3340
739 325 947 365 -25-

140 394 228 466 rea,
242 411 360 455 valde
374 410 618 469 splendens,
631 411 808 468 ponitur
821 411 1024 469 pretiosa.
1045 412 1092 456 In
1105 412 1246 457 medio
1264 412 1415 456 frontis
1427 426 1552 467 arcae,

142 485 185 529 in
217 491 341 530 antea
371 485 548 539 scilicet,
577 485 622 529 in
658 485 818 530 circulo
846 500 976 531 aureo
1004 487 1162 531 residet
1187 486 1392 531 Dominus
1426 502 1556 532 manu

143 562 312 605 dextera
329 561 671 605 benedictionem
689 561 874 605 innuens
893 570 933 606 et
963 563 1005 605 in
1029 563 1200 606 dextera
1224 562 1382 606 librum
1409 569 1557 608 tenens

144 636 186 678 in
204 649 288 693 quo
306 635 510 694 scriptum
525 642 611 680 est:
632 650 776 693 pacem
793 641 829 680 et
847 637 1065 681 veritatem
1085 637 1269 695 ditique.
1293 636 1377 681 Sub
1397 638 1558 682 scabel-

142 698 230 770 lum
255 724 354 755 vero
381 712 538 769 pedum
567 711 659 769 ejus
687 711 806 754 stella
833 725 966 756 aurea
991 712 1192 766 habetur,
1224 719 1264 756 et
1299 712 1410 756 circa
1436 713 1559 757 ulnas

144 786 236 830 eius
259 786 361 830 duaa.
387 786 539 830 litterae
558 785 832 840 scribuntur;
862 787 995 831 altera
1022 787 1181 831 scilicet
1199 788 1248 831 ad
1279 788 1493 832 dexteram
1521 796 1563 832 et

143 862 276 905 altera
303 862 352 906 ad
380 862 559 915 laevam,
588 862 669 905 hoc
695 863 846 906 modo:
889 866 919 899 A
949 872 1004 905 ω.
1044 862 1092 905 Et
1127 863 1314 920 desuper
1355 863 1559 907 thronum

143 937 234 981 eius
260 938 344 981 duo
370 936 547 994 pretiosi
565 937 725 995 lapides
746 938 872 981 modo
906 937 1195 983 inaestimabili
1223 938 1415 995 fulgent:
1456 953 1562 997 qua-

145 1019 242 1056 tuor
269 1025 366 1056 vero
394 1011 686 1069 Evangelistae‚
717 1013 803 1056 alas
830 1013 1055 1065 habentes,
1079 1013 1200 1071 juxta
1226 1014 1431 1057 thronum
1468 1013 1562 1058 eius

144 1087 328 1131 exterius
368 1087 597 1140 habentur,
638 1087 827 1145 singulas
864 1089 1088 1133 schedulas
1129 1088 1311 1147 pedibus
1348 1095 1557 1143 tenentes,

146 1162 188 1205 in
230 1162 388 1220 quibus
425 1162 742 1219 evangeliorum
786 1164 1062 1222 proprIOrum
1100 1163 1221 1208 initia
1246 1178 1324 1222 per
1366 1164 1562 1208 ordinem

147 1237 419 1291 scribuntur;
460 1238 681 1282 Matthaeus
719 1239 762 1282 in
805 1240 980 1283 modum
1027 1239 1214 1283 hominis
1256 1240 1307 1283 ad
1350 1240 1566 1283 dexteram

147 1312 307 1357 scilicet
332 1327 522 1367 sursum,
554 1319 594 1357 et
620 1314 754 1358 Lucas
782 1314 917 1358 instar
938 1314 1057 1358 bovis
1075 1315 1258 1358 habetur
1284 1315 1504 1368 deorsum,
1528 1323 1569 1358 et

145 1388 327 1432 Joannes
369 1387 413 1431 in
451 1388 590 1445 effigie
632 1389 786 1447 aquilae
822 1390 873 1432 ad
909 1390 1057 1433 laevam
1094 1390 1294 1447 desuper,
1333 1396 1374 1433 et
1401 1389 1566 1434 Marcus

146 1462 281 1506 leonis
321 1463 469 1507 subter
504 1463 775 1522 insculpitur.
805 1465 896 1509 Duo
923 1479 1023 1509 vero
1058 1464 1212 1521 angeli,
1239 1464 1360 1523 juxta
1393 1466 1565 1509 thorum

149 1538 435 1592 Dominicum,
455 1539 688 1584 Cherubim
705 1540 898 1584 videlicet
917 1541 966 1584 ad
996 1541 1230 1594 dexteram,
1260 1541 1388 1599 pedes
1415 1547 1564 1585 tenens

149 1606 280 1671 super
316 1614 491 1668 Lucam,
534 1621 575 1658 et
616 1615 839 1673 Seraphim
883 1616 935 1659 ad
977 1616 1140 1669 laevam,
1177 1617 1330 1674 pedem
1372 1616 1569 1660 similiter

149 1695 298 1733 tenens
341 1703 471 1747 super
496 1690 700 1744 Marcum,
732 1691 842 1735 miro
870 1705 1000 1749 opere
1028 1692 1298 1749 sculpuntur.
1336 1692 1427 1735 Duo
1454 1681 1568 1736 ordi-

151 1760 232 1808 nes
274 1764 464 1823 lapidum
513 1766 706 1810 omnium
767 1780 977 1824 generum
1016 1767 1323 1825 pretiosorum,
1368 1781 1481 1812 unus
1526 1768 1569 1812 in

151 1840 304 1884 throno
330 1854 415 1898 quo
456 1841 662 1885 Dominus
701 1842 858 1886 residet
899 1856 976 1900 per
1019 1842 1264 1896 circuitum,
1310 1849 1351 1886 et
1392 1843 1499 1887 alius
1525 1843 1570 1887 in

149 1916 236 1959 oris
268 1929 378 1959 arcae
415 1916 612 1960 similiter
651 1930 727 1974 per
762 1917 1006 1971 circuitum,
1051 1925 1137 1962 tres
1173 1918 1336 1975 lapides
1364 1918 1408 1961 in
1439 1919 1569 1963 simul

151 1990 310 2035 scilicet
337 1991 390 2035 ob
417 1991 634 2035 Trinitatis
671 1991 745 2035 Dei
771 1991 970 2049 figuram,
1000 1993 1059 2036 ibi
1086 1993 1197 2037 miro
1225 2007 1355 2051 opere
1395 2007 1569 2052 compo-

152 2073 329 2110 nuntur.
377 2066 453 2110 Sed
498 2066 672 2124 quidam
714 2067 894 2125 inclytus
938 2082 1060 2112 suam
1097 2069 1328 2126 imaginem
1372 2083 1565 2124 auream,

153 2140 387 2186 beatissimi
428 2142 684 2186 confessoris
727 2156 890 2195 amore,
934 2143 979 2186 in
1023 2145 1130 2202 pede
1177 2158 1286 2188 arcae
1319 2158 1469 2189 versus
1512 2146 1571 2188 al-

154 2224 244 2260 tare
269 2217 410 2261 aureis
436 2218 561 2262 clavis
589 2218 737 2272 infixit,
768 2233 864 2276 quae
904 2219 956 2262 ad
999 2219 1072 2263 Dei
1112 2220 1321 2264 honorem
1362 2234 1499 2278 usque
1526 2220 1571 2263 in

153 2292 406 2339 hodiernam
448 2293 561 2337 diem
595 2293 652 2337 ibi
687 2301 879 2352 apparet.
909 2295 957 2338 In
1000 2295 1082 2339 alio
1122 2309 1222 2339 vero
1274 2296 1412 2354 capite
1440 2309 1565 2349 arcae,

154 2374 269 2411 retro
311 2368 498 2424 scilicet,
550 2369 770 2413 Dominioa
815 2370 1016 2414 Ascensio
1077 2371 1301 2429 sculpitur.
1344 2371 1390 2414 ln
1432 2371 1573 2429 primo

157 2442 307 2487 ordine
333 2450 432 2487 sunt
465 2458 536 2488 sex
561 2445 765 2502 Apostoli,
802 2445 961 2489 visibus
1004 2460 1177 2490 sursum
1221 2446 1389 2500 erectis,
1429 2446 1573 2490 Domi-

157 2530 262 2561 num
289 2525 461 2562 euntem
502 2518 546 2562 in
587 2520 742 2564 coelum
786 2520 1062 2578 aspicientes,
1111 2535 1242 2579 super
1278 2535 1463 2579 quorum
1505 2536 1574 2566 ca-

159 2592 245 2649 pita
285 2593 453 2651 scriptae
490 2595 557 2638 hae
596 2595 749 2640 litterae
789 2596 1033 2640 habentur:
1073 2596 1108 2642 O
1147 2598 1236 2641 viri
1265 2596 1466 2642 Gatilaei!
1507 2597 1575 2641 hic

158 2669 294 2723 desua,
324 2683 398 2727 qm
437 2676 681 2729 assumptus
723 2677 782 2715 est
821 2672 868 2715 in
909 2672 1057 2716 coelum
1084 2686 1111 2716 a
1144 2672 1273 2727 vobis,
1317 2673 1379 2716 sic
1420 2672 1567 2726 veniet,
