1998 3340
770 368 978 410 ...29-

167 457 321 512 monis,
350 457 524 515 leprosi,
556 456 780 502 Salvatoris
808 457 936 515 pedes
970 454 1166 514 lacrymis
1206 453 1354 512 rigavit
1394 453 1580 513 capillis-

169 548 253 592 que
280 533 368 578 suis
410 533 545 587 tersit,
576 540 615 577 et
642 532 831 590 pretioso
860 537 1078 589 unguento
1107 544 1184 574 suo
1211 529 1436 587 diligenter
1461 544 1582 574 oscu-

166 608 291 652 lando
317 608 465 661 unxit,
496 622 580 666 qua
606 614 782 665 propter
822 607 1002 650 dimissa
1029 611 1129 650 sunt
1165 606 1202 648 ei
1235 610 1402 662 peccata
1446 606 1582 648 multa

167 683 371 740 quoniam
398 683 547 727 dilexit
574 683 762 726 mullum
806 689 1040 726 amatorem
1080 680 1397 732 universorum,
1441 679 1583 723 lesum

167 758 386 820 Christum
413 758 573 802 scilicet
614 757 890 802 remissorem
918 770 1060 801 suum.
1091 755 1190 799 Haec
1214 769 1313 799 vero
1333 761 1428 812 post
1447 754 1587 798 Domi-

169 833 307 878 nicam
353 833 650 877 Ascensionem
688 848 711 876 a
755 830 1148 890 Hierosolymitanis
1190 829 1276 874 oris
1317 844 1415 874 cum
1459 829 1584 873 Beato

170 908 411 963 Maximino,
448 908 603 952 Christi
634 907 858 965 discipulo,
890 906 1069 964 aliisque
1098 905 1330 949 Dominicis
1371 904 1587 962 discipulis

171 999 307 1043 usque
333 985 382 1028 ad
418 983 648 1028 Provinciae
666 984 850 1027 Patriam
872 996 948 1040 per
969 996 1102 1033 mare,
1127 981 1286 1025 scilicet
1313 994 1389 1038 per
1415 988 1586 1038 portum

173 1059 383 1113 Marsiliae‚
404 1059 619 1117 pervenit;
641 1059 685 1102 in
705 1073 789 1116 qua
807 1058 966 1103 scilicet
989 1057 1129 1100 Patria
1151 1056 1342 1101 caelibem
1363 1056 1489 1099 vitam
1512 1069 1589 1113 per

172 1135 334 1193 aliquot
351 1149 484 1179 annos
505 1135 636 1188 duxit,
659 1149 708 1178 ac
738 1135 909 1178 tandem
936 1133 979 1175 in
1009 1132 1116 1176 urbe
1148 1131 1338 1189 Aquensi
1359 1132 1410 1174 ab
1439 1132 1587 1175 eodem

173 1210 399 1255 Maximino
419 1210 610 1254 eiusdem
631 1209 750 1253 urbis
772 1208 983 1262 Antistite,
1005 1208 1269 1265 sepulturam
1291 1207 1466 1264 accepit.
1494 1207 1590 1250 Post

178 1287 363 1330 multum
382 1299 482 1330 vero
511 1284 718 1342 temporis
746 1284 838 1328 eius
867 1284 1035 1341 glebam
1055 1282 1405 1341 pretiosissimam
1427 1282 1479 1325 ab
1500 1281 1590 1339 ipsa

176 1362 284 1406 urbe
302 1375 439 1420 usque
457 1361 508 1405 ad
526 1360 772 1404 Viziliacum
790 1360 918 1404 heros
939 1359 1112 1417 quidam
1138 1358 1363 1402 Monachili
1385 1357 1466 1400 vita
1492 1357 1592 1400 bea-

176 1445 260 1491 tus,
297 1437 473 1481 nomine
504 1435 664 1489 Badilo,
699 1434 979 1488 translatavit,
1000 1434 1073 1478 ubi
1109 1433 1347 1477 honorifica
1372 1433 1592 1490 sepultura

177 1525 315 1570 usque
335 1511 386 1555 ad
414 1511 526 1555 diem
555 1511 665 1555 hanc
697 1510 952 1568 requiescit;
980 1509 1024 1552 in
1056 1523 1140 1567 quo
1167 1509 1294 1552 etiam
1326 1509 1416 1552 loco
1445 1507 1594 1564 ingens

178 1602 226 1631 ac
263 1587 554 1645 pulcherrima
580 1585 754 1630 basilica
791 1585 1187 1642 monachorumque
1222 1583 1402 1627 Abbatia
1437 1582 1596 1626 consti-

179 1662 330 1707 tuitur.
366 1661 662 1706 Peccatoribus
689 1660 841 1705 delicta
866 1660 1001 1718 ipsius
1029 1673 1175 1704 amore
1203 1674 1225 1702 a
1250 1659 1430 1702 Domino
1458 1657 1596 1701 dimit-

179 1745 352 1792 tuntur3
382 1737 504 1782 caecis
543 1737 658 1781 visus
702 1735 912 1789 redditur,
960 1741 1180 1779 mutorum
1220 1734 1366 1791 lingua
1398 1732 1590 1786 solvitur,

179 1813 318 1858 claudi
335 1813 576 1870 eriguntur,
599 1811 879 1873 energumeni
898 1811 1137 1855 liberantur
1156 1818 1198 1854 et
1217 1808 1448 1854 ineffabilia
1466 1809 1598 1852 bene-

179 1889 276 1934 ficia
308 1889 453 1933 multis
483 1888 804 1946 impertiuntur.
836 1887 963 1945 Cujus
990 1901 1108 1930 sacra
1153 1885 1361 1929 solemma
1398 1884 1599 1927 coluntur

181 1964 408 2008 undecimo
435 1964 638 2008 kalendas
673 1962 859 2020 augusti.

239 2041 344 2084 Item
384 2039 642 2083 visitandum
688 2046 750 2081 est
802 2052 958 2095 corpus
1004 2050 1174 2081 sacrum
1217 2035 1329 2079 beati
1372 2033 1596 2082 Leonardi,

182 2115 459 2168 Confessoris,
500 2114 572 2172 qui
616 2127 712 2157 cum
754 2113 1016 2156 Francorum
1055 2125 1212 2168 genere
1240 2117 1349 2154 esset
1385 2109 1599 2153 nobilissi-

187 2204 298 2240 mus,
328 2198 368 2233 et
394 2190 437 2232 in
458 2189 588 2246 regali
619 2188 738 2232 curia
758 2187 961 2240 nutritus,
993 2186 1232 2230 facinoroso
1261 2185 1415 2228 saeculo
1444 2184 1599 2227 summi

183 2266 379 2311 Numinis
421 2280 565 2310 amore
617 2264 940 2317 abrenuntians,
987 2264 1030 2306 in
1081 2262 1451 2306 Lemovicensibus
1496 2261 1597 2313 oris,

185 2343 277 2386 loco
305 2341 376 2399 qui
409 2341 531 2396 vulgo
552 2340 797 2384 Nualliacus
824 2346 1112 2395 nuncupatur,
1141 2337 1331 2380 caelibem
1360 2336 1484 2378 vitam
1514 2349 1602 2378 ere-

186 2417 372 2460 miticam
399 2415 560 2460 crebris
590 2414 783 2472 jejuniis,
813 2422 853 2456 et
885 2413 1038 2469 vigiliis
1075 2412 1234 2465 multis,
1265 2411 1597 2468 frigoribusque,

186 2491 466 2544 nuditatibus,
497 2490 870 2546 ineffabilibusque
897 2488 1132 2541 laboribus,
1161 2488 1235 2530 diu
1263 2487 1403 2538 duxit,
1443 2495 1482 2528 et
1510 2493 1601 2527 tan-

187 2568 282 2625 dem
304 2567 347 2609 in
365 2567 515 2610 eodem
533 2565 669 2609 libero
689 2564 862 2622 praedio
882 2577 975 2615 suo,
1000 2563 1181 2606 transitu
1204 2575 1340 2614 sacro,
1363 2560 1597 2617 requievit;

188 2642 311 2686 cuius
338 2642 462 2698 gleba
503 2655 623 2684 sacra
667 2639 897 2683 immobilis
924 2652 1015 2682 esse
1042 2638 1308 2695 perhibetur.
1339 2635 1602 2679 Erubescant

189 2717 320 2774 igitur
347 2715 695 2761 Corbiniacenses
735 2713 950 2768 monachi,
989 2713 1062 2771 qui
1099 2713 1247 2757 dicunt
1274 2724 1318 2755 se
1350 2709 1462 2755 beati
1499 2710 1601 2754 Leo-
